2352 3568
412 261 471 307 80
1182 255 1414 299 ammiud.

199 399 357 435 22¹⁶.oe
413 404 563 450 quam
609 392 659 437 in
702 403 758 437 se
802 391 920 449 opis
955 402 965 413 ·
1000 390 1095 436 Suo
1126 388 1244 434 enim
1278 387 1498 433 adiutorio
1531 398 1666 433 nemo
1707 390 1855 445 potaet
1885 387 1963 433 niti
1993 387 2051 433 ad
2082 386 2202 433 iusti·

410 463 530 508 tiam.
554 481 597 508 33
687 462 907 520 Lapsum
932 473 942 485 ·
966 462 1009 506 id
1043 465 1109 506 est
1140 472 1306 505 casum.
1333 474 1375 503 33
1456 458 1744 516 Utriusque
1765 468 1776 481 ·
1800 457 1845 503 id
1877 462 1944 504 est
1973 458 2128 505 mortis
2157 462 2203 504 et

412 534 595 592 peccati.
616 550 658 579 33
746 533 815 578 Ex
848 534 927 578 his
960 533 1117 590 igitur
1146 531 1313 576 tribus
1337 542 1347 553 ·
1370 529 1552 575 Nullum
1585 541 1640 575 ex
1671 529 1740 575 his
1771 532 1913 575 totum
1945 529 2200 589 assumpsit,

412 606 490 651 sed
534 618 587 650 ex
630 605 818 662 singulis
862 604 1073 661 quiddam
1118 602 1321 660 sumpsit,
1366 601 1580 659 quiddam
1620 612 1728 646 vero
1769 612 1876 646 non.
1909 616 1953 646 33
2071 599 2201 647 Nam

374 677 552 734 squod
595 676 813 721 mortale
845 687 1036 733 corpus
1077 673 1372 731 adsumpsit
1403 684 1412 695 ·
1446 672 1551 718 Non
1584 672 1766 730 quidem
1798 672 1997 730 suscepit
2025 671 2084 719 de
2113 671 2201 718 isto

410 748 536 793 tertio
558 751 803 805 peccatum,
825 747 904 792 sed
928 751 1128 791 mortem.
1150 761 1192 790 33
1254 745 1324 790 Ex
1356 757 1418 790 eo
1450 749 1711 803 sumptum
1744 748 1823 790 est
1852 746 1990 790 statu
2013 755 2024 767 ·
2046 742 2093 790 id
2113 746 2201 790 est:

412 831 511 864 cum
553 818 881 863 transferrentur
921 818 977 863 de
1020 822 1193 863 terreno
1238 817 1445 875 paradiso
1490 817 1534 862 in
1574 816 1814 875 spiritalem
1859 815 2128 875 paradisum.
2158 830 2202 861 ω

411 890 678 935 potuisset
710 901 719 912 ·
752 902 787 934 S.
812 890 855 934 in
888 889 1046 934 Adam.
1069 905 1111 933 33
1231 887 1433 934 Adesse
1474 892 1680 946 poterat
1710 900 1721 911 ·
1753 900 1833 946 per
1870 887 2058 933 liberum
2090 886 2202 933 arbi·

410 962 552 1006 trium.
574 977 616 1005 33
714 960 937 1006 Humani
971 961 1211 1018 corporis
1244 960 1431 1006 officio
1454 972 1464 983 ·
1488 960 1770 1014 dormiendo,
1802 959 1996 1005 sitiendo
2027 963 2072 1005 et
2101 958 2200 1005 aliis

359 1050 392 1079 ιο
411 1032 571 1077 modis.
594 1048 636 1076 33
756 1031 940 1089 Neque
972 1032 1107 1077 enim
1149 1037 1291 1077 tanta
1329 1032 1624 1089 indigentia
1653 1043 1663 1054 ·
1688 1030 1827 1077 Cibus
1858 1031 1978 1076 enim
2010 1034 2129 1076 esset
2158 1029 2201 1076 ei

410 1103 636 1161 copulatio
677 1104 851 1149 animae
892 1109 935 1149 et
975 1104 1189 1162 corporiS,
1239 1115 1373 1161 quem
1415 1103 1598 1162 capiens
1647 1115 1892 1160 numquam
1940 1106 2201 1157 moreretun

409 1176 580 1232 absque
612 1175 688 1221 illo
720 1180 867 1220 tamen
900 1176 1012 1221 mori
1054 1176 1285 1233 potuisset,
1327 1175 1450 1232 quod
1482 1187 1575 1220 non
1617 1179 1788 1233 poterat
1818 1174 2078 1232 contingere
2108 1173 2203 1220 ullo

410 1247 563 1292 modo.
586 1263 628 1291 33
703 1246 869 1301 Quam
901 1247 1248 1304 indigentiam
1272 1258 1281 1269 ·
1305 1259 1341 1292 s.
1364 1247 1663 1292 manducandi
1696 1251 1738 1291 et
1769 1245 1968 1291 bibendi.
1989 1260 2033 1291 aa
2107 1244 2205 1291 Po·

409 1320 597 1363 testate
638 1330 741 1363 non
774 1319 1094 1363 necessitate
1124 1331 1134 1341 ·
1168 1318 1214 1363 ln
1246 1318 1342 1364 eius
1374 1318 1492 1363 enim
1526 1322 1744 1376 potestate
1775 1317 1868 1371 fuit,
1906 1321 1953 1363 ut
1983 1316 2111 1363 cuius
2140 1315 2202 1362 rei

358 1407 391 1436 ιε
410 1390 540 1435 vellet
572 1390 819 1447 indigeret,
843 1390 970 1435 cuius
1000 1402 1107 1435 vero
1139 1390 1290 1444 nollet,
1332 1390 1583 1435 nullatenus
1624 1389 1915 1446 indigentiam
1945 1388 2138 1435 sentiret.
2158 1403 2203 1435 se

411 1461 708 1519 Quodque·
733 1462 776 1507 id
810 1466 876 1507 est
908 1474 1040 1519 quem
1074 1465 1249 1507 statum.
1272 1479 1314 1507 33
1375 1461 1485 1506 Nos
1526 1461 1641 1519 ipse
1673 1461 1920 1506 dominus
1942 1472 1953 1484 ·
1976 1459 2202 1507 Subtiliter

411 1533 612 1590 intelligit
662 1533 768 1578 illud
821 1533 1073 1578 dominicae
1122 1533 1335 1578 orationis
1389 1533 1479 1578 ‘iiat
1522 1533 1728 1578 voluntas
1771 1531 1859 1577 tua'
1910 1535 1955 1578 et
1996 1530 2166 1590 reliqua
2187 1564 2200 1578 .

411 1604 616 1658 OramuS,
650 1609 696 1650 ut
727 1605 812 1650 tale
845 1605 1053 1663 placitum
1077 1605 1173 1650 eius
1205 1605 1249 1650 in
1282 1605 1416 1649 nobis
1446 1605 1503 1649 sit
1533 1604 1578 1649 in
1609 1608 1718 1649 terra
1741 1603 2038 1658 manentibus,
2068 1602 2201 1662 quale

410 1689 528 1722 nunc
559 1679 626 1721 est
657 1677 701 1721 in
734 1677 816 1730 his,
858 1677 934 1734 qui
967 1677 1012 1721 in
1044 1676 1170 1721 caelo
1202 1680 1318 1730 sunt,
1361 1677 1464 1733 quia
1506 1676 1551 1721 in
1582 1676 1710 1721 caelo
1742 1675 1863 1721 nulla
1893 1679 1962 1721 est
1990 1674 2199 1721 voluntas

356 1753 485 1793 aeaut
514 1748 698 1793 facultas
730 1748 958 1806 peccandi.
979 1764 1022 1792 33
1113 1747 1345 1805 Regnum
1378 1748 1493 1792 eius
1516 1759 1526 1770 ·
1550 1747 1594 1792 id
1628 1751 1694 1792 est
1725 1747 1798 1792 ille
1828 1749 1982 1801 status,
2012 1746 2091 1805 qui
2121 1745 2202 1792 erit

410 1820 543 1864 nobis
576 1821 789 1877 praemio,
821 1820 866 1864 in
899 1831 991 1877 quo
1022 1824 1126 1864 sunt
1156 1819 1318 1876 angeli.
1340 1835 1383 1863 33
1451 1818 1490 1863 Α
1522 1818 1659 1864 malo
1683 1830 1693 1841 ·
1717 1819 1762 1863 id
1794 1823 1862 1863 est
1881 1818 1938 1864 ab
1960 1818 2049 1864 hoc
2068 1821 2199 1872 statu,

411 1891 487 1935 ubi
520 1903 611 1936 non
645 1891 770 1936 deest
799 1890 1007 1936 voluntas
1039 1890 1270 1947 peccandi.
1301 1907 1343 1935 33
1463 1889 1717 1935 Fideliter
1756 1889 2083 1935 credentium
2125 1889 2200 1935 in·

411 1962 661 2007 mutatio·
687 1962 787 2008 Hoc
819 1963 1096 2020 participium
1129 1962 1186 2007 ad
1218 1962 1353 2007 iidem
1393 1962 1598 2020 pertinet;
1640 1962 1748 2007 illud
1780 1962 2039 2007 adverbium
2072 1960 2196 2020 quod

410 2038 477 2078 est
516 2034 702 2079 fideliter
732 2034 788 2078 ad
826 2034 1020 2079 studium
1063 2034 1172 2079 boni
1205 2034 1354 2091 operis
1386 2034 1628 2079 concordat
1659 2068 1669 2078 .
1702 2033 1776 2078 Ille
1808 2034 1971 2078 etenim
2012 2032 2201 2079 fideliter

354 2119 391 2149 25
410 2105 559 2157 credit,
593 2105 668 2162 qui
699 2105 836 2150 fidem
869 2105 1002 2150 bonis
1034 2105 1246 2162 operibus
1278 2110 1472 2149 exornat.
1495 2121 1537 2150 33
1643 2105 1918 2163 perperam
1941 2116 1952 2127 ·
1975 2116 2195 2163 perverse,

409 2177 820 2233 reprehensibiliter.
842 2193 885 2222 33
990 2176 1107 2222 Non
1150 2179 1219 2221 ita
1259 2189 1369 2221 sum
1402 2181 1603 2222 amator
1634 2177 1731 2222 mei
1765 2188 1775 2199 ·
1808 2175 2005 2231 Quidam
2037 2176 2097 2222 ita
2127 2187 2196 2231 ea,

409 2259 524 2304 quae
551 2249 694 2293 ‘semel
727 2261 752 2294 a
783 2261 847 2302 se,
889 2249 1020 2294 etiam
1052 2249 1090 2293 si
1132 2249 1261 2302 male,
1302 2253 1405 2293 sunt
1445 2249 1678 2306 descripta,
1720 2248 1978 2302 defendunt,
2025 2252 2074 2294 ut
2107 2248 2196 2295 iam

408 2319 572 2364 nullius
610 2321 814 2378 quamvis
844 2321 1007 2366 saniori
1048 2322 1291 2366 sententiae
1332 2321 1544 2366 assentire
1584 2320 1721 2366 velint
1751 2355 1762 2366 .
1795 2320 1928 2367 Unde
1967 2324 2013 2366 et
2050 2319 2200 2379 plures

409 2391 594 2448 contigit
625 2396 803 2449 propter
834 2393 921 2438 hoc
953 2393 1170 2438 hereticos
1202 2392 1310 2438 fieri.
1332 2409 1374 2437 33
1435 2391 1579 2437 Nihil
1613 2397 1691 2437 est
1722 2404 1782 2437 ex
1814 2392 1972 2438 nobis
1993 2403 2005 2415 ·
2026 2390 2108 2438 sed
2138 2402 2196 2437 ex

353 2462 510 2507 auden.
533 2479 575 2508 33
674 2463 884 2509 Nostris
915 2465 1228 2509 sententiis·
1252 2464 1417 2509 Veritas
1449 2464 1639 2509 amanda
1671 2468 1737 2509 est
1759 2499 1769 2518 ‚
1793 2476 1886 2509 non
1918 2467 2068 2510 nostra
2097 2474 2199 2509 sen·

406 2534 553 2580 tentia.
575 2551 618 2580 33
714 2534 869 2589 Quod
902 2535 945 2579 si
978 2547 1038 2580 ex
1070 2535 1162 2580 illo
1197 2539 1383 2580 cuncta
1415 2540 1534 2580 sunt
1566 2536 1704 2580 bona
1727 2547 1737 2557 ·
1761 2534 1927 2581 Omnia
1958 2545 2197 2593 quaecum·

408 2617 496 2662 que
539 2610 655 2659 sunt,
696 2606 740 2650 in
783 2611 994 2663 quantum
1027 2620 1053 2652 a
1085 2608 1172 2652 deo
1213 2612 1328 2662 sunt,
1370 2608 1491 2653 bona
1531 2612 1646 2661 sunt,
1686 2607 1767 2653 sed
1808 2606 1916 2652 illud
1955 2604 2196 2665 specialius

407 2675 578 2721 bonum
610 2679 690 2731 est,
731 2678 854 2734 quod
887 2690 966 2735 per
996 2678 1202 2724 iustitiam
1234 2679 1343 2724 boni
1375 2679 1524 2737 operis
1556 2680 1644 2724 deo
1685 2679 1829 2737 placet
1860 2678 2076 2736 quodque
2094 2681 2139 2723 et
2168 2688 2196 2724 a

407 2747 496 2793 deo
527 2747 697 2793 bonum
730 2753 798 2794 est
828 2753 871 2794 et
901 2761 926 2794 a
958 2761 1007 2794 se
1039 2750 1201 2795 iustum
1234 2753 1334 2804 est,
1357 2750 1445 2795 deo
1486 2754 1634 2795 tamen
1667 2750 1877 2795 donante.
1901 2765 1944 2795 33
2044 2748 2194 2795 Prae·

352 2831 390 2862 as
406 2819 591 2864 scribit
612 2830 622 2842 ·
645 2819 877 2877 approbat,
909 2821 1206 2865 commendat.
1228 2837 1271 2866 33

549 2925 573 2963 2
597 2925 798 2974 Lapsum
824 2925 907 2974 εει-,1
933 2936 1006 2964 om.
1027 2925 1096 2965 ΠΒ
1202 2926 1226 2964 3
1251 2936 1295 2963 ex
1321 2927 1380 2964 his
1405 2930 1519 2964 totum
1542 2926 1619 2968 UB,
1646 2929 1799 2964 istorum
1825 2917 1916 2964 MF'
2006 2926 2032 2966 8
2056 2929 2094 2965 in

406 2984 486 3022 ΜΡ
605 2986 649 3024 10
673 2985 841 3033 Neque
866 2986 950 3033 etc]
975 2995 1048 3023 om.
1067 2986 1146 3023 ΜΡ
1265 2986 1307 3023 17
1332 2990 1392 3023 tua
1419 2996 1492 3023 om.
1515 2986 1583 3025 ΠΒ
1713 2987 1755 3024 19
1782 2989 1818 3024 in
1844 2988 1903 3024 his
1927 2986 2013 3030 ΜΡ.
2038 2987 2097 3025 bia
2158 2985 2195 3025 B

407 3044 454 3082 2⁴
479 3046 578 3083 enlm
604 3044 683 3082 ΜΡ
869 3045 917 3083 25
941 3042 1129 3093 Scripsi
1148 3073 1157 3083 .
1176 3046 1316 3094 digessi
1343 3049 1430 3090 (vor
1452 3047 1656 3094 perperam)
1682 3046 1806 3089 MEF:
1831 3047 2021 3085 vieuetcm
2043 3046 2129 3085 elne
2151 3046 2192 3085 tn

405 3104 479 3142 den
506 3104 600 3142 Text
619 3108 805 3153 geratene
831 3104 1022 3147 Vastante,
1048 3107 1125 3154 νει.
1143 3105 1299 3153 Petpers
1323 3105 1357 3143 B
1578 3106 1623 3144 27
1650 3107 1830 3154 descripta
1858 3106 1933 3148 ΠΡ,
1957 3107 2091 3155 scripu
2114 3105 2196 3145 ΜΕ

404 3161 454 3202 35
477 3162 669 3202 0108Αὲ
693 3163 848 3203 noem
871 3157 994 3203 8OE
1016 3164 1296 3203 mussans·
1322 3158 1540 3203 §semme
1558 3194 1566 3203 .
1585 3164 1687 3203 DEO
1713 3158 1841 3204 GRAT
1888 3165 1922 3204 F
