2352 3568
402 276 452 321 14
1176 263 1216 302 Ε.
1235 262 1277 300 Κ.
1296 261 1412 304 Rnnd.

519 403 712 450 Comm.
764 402 818 446 in
870 398 1052 445 Boeth.
1103 408 1157 440 zu
1211 393 1259 439 P.

401 476 501 530 206,
523 475 582 521 96
613 475 766 532 (unten
798 471 843 517 S.
866 471 937 525 73,
960 468 1054 525 22):

521 559 639 604 Non
702 553 949 601 ascendit
995 565 1004 575 ·
1054 550 1261 596 Christus

401 632 540 689 caput
556 631 626 674 est
637 629 837 673 omnium
858 624 1097 670 electorum
1111 622 1157 666 et
1168 632 1260 665 om-

402 715 482 747 nes
495 700 624 746 electi
639 698 836 743 membra
849 697 957 741 sunt
970 693 1139 739 Chresti
1144 703 1159 735 :
1176 693 1259 735 ita-

400 785 488 830 que
527 771 603 816 ubl
649 769 847 813 membra
886 765 1056 810 Christi
1095 762 1261 807 cotidie

401 842 662 890 ascendunt,
674 839 781 884 Illuc
790 839 887 895 ipse
894 835 1101 881 Christus
1111 846 1262 878 ascen-

402 915 509 958 dere
548 912 747 956 dicitur.
789 908 866 953 Au
908 918 1039 963 ergo:
1097 905 1262 950 Nemo

402 982 647 1029 ascendit
667 984 718 1026 in
740 979 942 1024 caelum
963 978 1070 1023 nlsl
1090 978 1180 1034 qut
1200 975 1264 1021 de

402 1054 552 1100 caelo
582 1051 877 1101 descendit,
912 1050 962 1094 ld
991 1050 1081 1094 est:
1111 1047 1263 1093 nullus

402 1125 608 1172 ascendit
627 1125 716 1169 nisi
731 1122 937 1168 Christus
955 1133 1056 1165 cum
1078 1131 1265 1177 corpore

402 1210 499 1247 suo,
528 1195 653 1254 quod
677 1196 748 1240 est
766 1193 955 1239 ecclesia
984 1226 993 1236 .
1028 1190 1164 1247 Quod
1183 1203 1263 1236 aa·

405 1271 494 1314 tem
522 1266 808 1312 descendisse
828 1264 1005 1315 dicitur,
1038 1276 1129 1308 non
1160 1262 1264 1307 ideo

406 1340 575 1385 dictum
607 1339 688 1387 est,
730 1336 854 1394 quod
889 1336 1152 1380 humanitas
1189 1334 1263 1379 de·

405 1410 640 1459 scenderit‚
674 1408 759 1453 sed
783 1408 975 1465 propter
1005 1406 1266 1467 di‘qinttatis

407 1481 795 1536 humanitatisque
818 1490 1064 1536 personam
1097 1490 1236 1522 unam
1253 1511 1263 1521 .

1453 391 1556 437 loh.
1578 389 1740 436 Scott.
1761 388 1789 435 1.
1811 400 1851 435 c.
1872 387 1980 447 (122
1999 399 2046 447 p.
2061 386 2189 446 319»

1450 544 1547 590 Sed
1582 546 1626 590 st
1654 543 1783 591 sotus
1812 542 2032 596 ascendtt,
2073 554 2195 602 quae

1330 630 1437 676 spes
1457 618 1528 663 est
1546 616 1619 662 kls
1633 628 1723 675 pro
1742 616 1907 674 qulbus
1926 613 2198 662 descendit?

1333 689 1513 746 Magna
1542 687 1726 747 quidem
1762 688 1809 733 et
1846 685 2193 746 ltoexpltcabilts,

1333 762 1549 818 quonlam
1600 771 1758 805 omnes
1807 771 1924 817 quos
1971 756 2194 810 salvavit,

1334 834 1380 878 in
1402 834 1503 890 tpso
1525 830 1788 882 ascendant,
1815 842 1935 876 nunc
1947 841 2037 889 per
2044 826 2196 888 fldem

1333 906 1381 949 ln
1410 916 1504 962 spe,
1550 904 1597 948 ln
1618 902 1723 961 fine
1750 914 1863 948 vero
1886 914 1976 961 per
2000 902 2197 962 spectem

1334 977 1380 1020 ln
1412 972 1778 1020 re....Solus
1820 975 1976 1032 ltaque
2013 973 2197 1020 ἀει-ευρ

1334 1046 1405 1102 dit
1446 1047 1493 1092 et
1529 1045 1657 1091 solus
1697 1045 1915 1097 ascendtt,
1965 1046 2077 1104 qula
2118 1043 2198 1091 ale

1334 1131 1435 1164 cum
1466 1117 1675 1163 omnibus
1703 1118 1803 1163 suls
1837 1116 2050 1163 membris
2078 1127 2199 1163 unus

1336 1190 1449 1235 deus
1486 1191 1575 1241 est,
1624 1190 1784 1235 unicus
1812 1187 1951 1246 sutus
1986 1187 2063 1235 del
2098 1222 2110 1233 .
2147 1186 2198 1234 ln

1336 1263 1437 1320 tpso
1489 1262 1609 1306 enlm
1659 1273 1817 1306 omnes
1866 1258 2102 1306 credentes
2149 1260 2198 1306 ln

1335 1335 1484 1391 ipsum
1528 1345 1667 1378 unum
1706 1333 1835 1377 sunt:
1885 1343 2003 1378 unus
2042 1332 2200 1390 ltaque

1339 1404 1560 1455 ChriStus,
1613 1404 1777 1463 corpus
1818 1415 1921 1449 cum
1971 1401 2197 1453 membres.

1338 1476 1546 1522 ascendit
1574 1477 1622 1521 tn
1646 1476 1841 1534 patrem.

408 1551 536 1597 Deus
560 1553 677 1596 enim
709 1550 1039 1595 humanitatem
1061 1561 1265 1606 assump-

406 1626 469 1668 sit
489 1625 534 1667 in
558 1635 649 1667 una
664 1633 888 1679 persona:
918 1621 1060 1678 igitur
1078 1621 1270 1679 propter

406 1695 524 1739 hanc
555 1693 880 1738 adunationem
911 1704 980 1742 ea,
1012 1704 1132 1749 quae
1161 1692 1270 1737 sunt

408 1765 678 1815 divinitatis,
712 1763 884 1808 dantur
901 1763 1180 1808 humanitati
1209 1764 1267 1814 et,

408 1848 526 1894 quae
534 1836 847 1886 humanitatis,
862 1834 1110 1879 divinitati.
1137 1833 1270 1880 Unde

409 1909 455 1952 et
473 1907 702 1952 subditur:
723 1905 890 1964 filius
917 1906 1150 1951 hominis
1179 1906 1270 1963 qul

410 1981 491 2024 est
521 1980 537 2023 i
543 1992 572 2023 n
604 1978 766 2023 caelo.

555 2073 681 2118 Nach
722 2073 923 2118 solchem
955 2072 1152 2129 Zeugnis
1191 2072 1373 2118 konnen
1413 2072 1503 2126 wir,
1545 2083 1599 2117 so
1639 2071 1812 2116 scheint
1850 2082 1901 2116 es
1941 2069 2037 2124 mir,
2081 2069 2204 2116 ohne

410 2145 607 2189 weiteres
648 2145 734 2189 den
775 2143 997 2189 Verfasser
1039 2143 1119 2188 des
1169 2144 1480 2189 Kommentars
1529 2142 1596 2188 als
1638 2142 1870 2188 Johannes
1909 2140 2090 2188 Scottus
2128 2141 2205 2187 be·

411 2216 637 2260 zeichnen.
701 2215 761 2260 Es
800 2215 980 2260 bleiben
1026 2215 1187 2273 jedoch
1231 2215 1303 2261 ein
1348 2227 1455 2272 paar
1496 2214 1757 2260 scheinbare
1797 2212 2204 2271 Schwierigkeioen,

414 2286 486 2331 die
518 2287 729 2331 zunachst
760 2291 1100 2343 wegzuraumen
1132 2286 1247 2332 sind.
1311 2286 1492 2331 Erstens
1534 2298 1640 2343 mag
1678 2285 1890 2330 mancher
1926 2297 1984 2331 an
2024 2284 2206 2343 einigeu

414 2356 727 2415 Etymologien
769 2357 940 2403 Anstoss
984 2358 1192 2412 nehmen,
1239 2358 1312 2403 die
1356 2358 1437 2403 des
1482 2357 1653 2415 grossen
1698 2356 1928 2402 Gracisten
1972 2354 2207 2414 unwssrfflg

414 2428 639 2473 scheinen.
702 2428 764 2474 So
806 2429 861 2473 ist
901 2429 973 2474 die
1014 2428 1256 2486 Ableitung
1295 2429 1376 2474 des
1408 2428 1743 2475 substantivum
1783 2427 2061 2474 ebdomades
2097 2437 2206 2474 vom

414 2498 603 2544 Verbum
641 2506 788 2545 εΒΔω
823 2520 873 2536 =
909 2502 1112 2558 concipio
1143 2500 1287 2558 gewiss
1319 2500 1441 2545 nicht
1469 2500 1626 2546 sehon.
1689 2499 1780 2545 Der
1808 2499 1942 2545 Loeer
1980 2499 2063 2545 dee
2090 2497 2208 2544 Mar·

414 2570 885 2616 finnus-Kommentars
916 2572 1007 2616 und
1039 2572 1117 2616 der
1148 2571 1318 2617 Divisio
1349 2571 1542 2617 Naturae
1571 2571 1679 2616 wird
1718 2571 1814 2617 sich
1852 2571 1959 2617 aber
1987 2570 2206 2625 erinneru.

417 2640 503 2685 dass
524 2640 647 2685 diese
669 2640 829 2686 Raritat
857 2654 972 2698 ganz
1005 2643 1117 2687 nach
1146 2643 1225 2687 der
1244 2642 1320 2688 Art
1349 2643 1430 2688 des
1450 2643 1682 2689 Johannes
1712 2642 1823 2701 istst)
1864 2641 1996 2688 Denn
2026 2640 2101 2687 die
2131 2640 2207 2687 dn-

418 2710 581 2769 malige
601 2710 949 2769 Wortableitung
980 2713 1269 2759 interessierte
1301 2714 1395 2759 sich
1422 2714 1619 2772 weniger
1648 2713 1716 2759 fur
1746 2714 1819 2759 die
1850 2711 2208 2772 etymologisehe

419 2780 686 2827 Geschichte
725 2782 849 2827 eines
879 2782 1062 2837 WorteS,
1103 2784 1168 2829 als
1209 2785 1276 2829 fur
1314 2786 1439 2831 seine
1480 2785 1802 2843 allegorischen
1834 2783 2207 2842 Mbglichkeitem

418 2852 560 2898 sehon
603 2852 781 2898 wifhen
833 2853 878 2898 in
924 2854 1155 2900 einzelnen
1198 2855 1448 2901 Versuchen
1501 2856 1754 2915 diejenigen
1796 2854 2082 2909 Tendenzen,
2133 2853 2208 2900 die

419 2927 566 2982 spater
594 2923 725 2969 einen
751 2936 925 2982 ganzen
957 2924 1159 2971 Donatus
1186 2926 1468 2973 Moralizatus
1498 2928 1684 2973 schufen
1717 2927 1807 2973 und
1838 2917 1927 2973 aus‘
1954 2926 2034 2972 der
2053 2924 2208 2972 Gram-

566 3066 595 3111 ¹)
620 3065 671 3104 lm
697 3065 933 3105 Kommenm
956 3077 1002 3105 zu
1029 3067 1132 3106 Μιη.
1151 3069 1211 3107 hat
1237 3079 1275 3107 er
1300 3071 1394 3107 auch
1420 3070 1560 3107 ment&
1575 3069 1772 3116 conceptio
1796 3069 1852 3106 als
1868 3066 2007 3106 Olane
2031 3066 2090 3105 mr
2110 3065 2208 3104 eatt-

423 3131 546 3161 mma
562 3125 783 3170 verwendet.
807 3126 881 3175 ναί.
900 3125 1081 3171 mareau,
1105 3127 1257 3166 Notices
1274 3133 1309 3166 et
1327 3129 1479 3167 Exitum
1497 3129 1560 3167 ΧΧ
1578 3130 1601 3167 2
1618 3128 1654 3166 S.
1671 3128 1730 3167 36.
1766 3128 1847 3177 Vgl.
1865 3128 1986 3166 temet
2000 3126 2059 3165 De
2078 3125 2207 3165 Paeo.

423 3190 460 3229 p.
475 3180 559 3226 am.
586 3181 668 3221 Div.
686 3182 769 3222 Nat.
787 3184 800 3222 1
817 3184 865 3223 ⁴9
889 3185 1000 3232 (⁴91).
