2352 3568
948 250 1135 287 ,lohannes
1160 249 1319 287 Scottus.
1971 250 2022 294 51

16 430 22 450 ³
60 390 75 398 ⁷·
114 414 117 417 .
148 393 183 424 12
253 383 327 427 rei.
348 398 391 427 33
481 381 736 427 Custodia
758 393 768 404 ·
791 381 901 425 Illud
932 382 1066 435 enim,
1098 381 1203 438 quia
1233 381 1472 426 obscurum
1504 384 1583 434 est,
1617 380 1743 437 quasi
1784 380 1829 424 in
1866 381 2028 424 scrinio

247 456 418 498 tenetur
446 465 531 498 nec
561 453 617 498 ab
649 452 860 497 omnibus
891 452 1155 509 intelligitur.
1177 468 1220 497 33
1290 452 1384 496 His
1415 451 1549 496 solis
1572 463 1582 474 ·
1604 451 1817 495 studiosis
1848 453 1892 496 et
1921 452 2030 508 vigi-

248 524 454 569 lantibus,
487 540 529 570 33
648 524 700 568 In
745 524 1112 568 mathematica
1146 535 1156 546 ·
1191 524 1473 577 arithmetica,
1518 522 1701 575 musica,
1744 523 2028 578 geometrica,

249 595 532 640 astronomia.
554 611 597 641 33
700 595 991 652 Praeposui
1026 606 1036 617 ·
1071 594 1212 649 Quasi
1250 595 1519 653 capitulatim
1553 594 1761 639 describit
1789 606 1895 638 suas
1926 606 2030 638 con-

213 677 232 706 ⁵
250 667 492 724 ceptioneS,
534 666 590 711 de
621 666 784 722 quibus
814 666 995 710 inferius
1035 666 1289 723 disputabit.
1351 666 1626 711 Terminos
1662 678 1672 688 ·
1707 665 1753 709 id
1797 669 1864 710 est
1906 678 2029 710 aeras

250 738 420 783 numeri
442 772 453 782 .
476 737 812 794 Regulasque
834 749 845 760 ·
868 738 1149 783 rectitudines
1180 738 1407 783 linearum.
1429 755 1472 784 33

10 791 19 835 '3
105 832 112 846 ³
143 824 178 854 ¹⁷
391 820 421 865 1.
466 820 772 865 Communis
807 832 817 842 ·
853 820 1059 865 diffinitio
1091 822 1400 878 conceptionis
1432 826 1475 866 et
1503 822 1622 866 stulti
1653 825 1698 866 et
1728 820 1955 878 sapientis.
1987 835 2030 864 33

249 891 554 936 Enuntiatio
578 903 588 913 ·
610 891 924 947 pronuntiatio.
946 908 988 936 33
1062 892 1255 937 Probat
1283 905 1292 915 ·
1325 893 1556 950 approbat,
1589 892 1789 937 affirmat.
1810 908 1853 936 33
1929 891 2030 935 Ha-

249 975 355 1007 rum
393 974 404 985 ·
441 963 801 1019 conceptionum.
823 978 866 1007 33
955 963 1008 1007 Si
1056 963 1263 1008 duobus
1300 977 1311 987 ·
1348 965 1476 1009 Verbi
1522 965 1679 1021 gratia:
1728 963 2029 1020 quaternarius

197 1050 232 1080 ιο
248 1033 446 1090 aequalis
477 1037 543 1078 est
574 1033 851 1090 quaternario
874 1068 884 1078 .
907 1033 953 1078 Si
985 1046 1094 1091 ergo
1116 1047 1171 1079 ex
1201 1039 1388 1092 utroque
1420 1036 1697 1092 quaternario
1720 1035 1837 1079 duos
1858 1034 2028 1085 demaS,

247 1108 474 1149 remanent
518 1117 573 1149 ex
617 1108 805 1161 utroque
850 1105 1090 1161 aequaliter
1131 1106 1242 1159 duo;
1290 1106 1487 1150 similiter
1531 1119 1586 1150 ex
1628 1106 1810 1150 denario
1854 1105 1947 1162 pari
1990 1104 2029 1148 si

249 1175 420 1220 auferas
449 1176 684 1229 senarium,
726 1176 802 1232 qui
834 1179 901 1219 est
941 1188 1020 1232 par
1049 1189 1273 1230 numerus,
1314 1181 1510 1221 remanet
1540 1177 1693 1221 iterum
1727 1176 2028 1232 quaternarius

249 1250 293 1291 et
322 1246 419 1304 ipse
449 1258 541 1303 par.
563 1262 605 1291 33
715 1246 862 1300 Quae
901 1250 1072 1290 tamen
1105 1258 1115 1268 ·
1149 1246 1214 1290 Ex
1245 1247 1319 1290 illa
1357 1247 1552 1303 generali
1584 1247 1880 1303 conceptione
1912 1258 2027 1302 quae

249 1317 501 1362 communis
543 1317 699 1362 dicitur
726 1318 848 1363 venit
885 1318 997 1362 haec
1028 1330 1142 1374 quae
1173 1318 1380 1375 specialis
1412 1319 1499 1362 dici
1539 1322 1700 1375 potest,
1742 1318 1847 1374 quia
1877 1317 2030 1361 docto-

195 1403 231 1433 15
248 1400 343 1432 rum
376 1392 443 1432 est
470 1393 639 1432 tantum
662 1423 673 1433 .
695 1388 891 1445 Utraque
921 1393 1070 1432 tamen
1102 1389 1338 1445 conceptio
1370 1389 1539 1433 dicitur.
1561 1405 1603 1433 33
1693 1388 1765 1432 Ex
1794 1388 1993 1432 talibus
2017 1400 2027 1410 ·

247 1458 367 1503 Licet
405 1459 524 1504 docti
562 1459 872 1504 tantummodo
912 1460 1114 1516 probent,
1154 1464 1303 1504 tamen
1339 1461 1523 1504 veniunt
1562 1473 1616 1504 ex
1656 1459 2027 1516 conceptionibus

247 1531 500 1575 communis
530 1531 679 1575 animi.
699 1547 742 1576 33
851 1531 905 1575 ln
935 1530 1057 1575 loco
1089 1543 1193 1575 non
1225 1543 1342 1575 esse
1365 1543 1375 1553 ·
1398 1531 1606 1584 localiter,
1638 1533 1686 1575 ut
1716 1535 1819 1574 sunt
1850 1530 2026 1574 animae

247 1605 291 1645 et
318 1601 480 1658 angeli,
522 1602 598 1658 qui
628 1606 731 1646 sunt
760 1602 806 1646 in
836 1602 953 1655 loco,
995 1602 1221 1646 illocaliter
1250 1607 1412 1655 tamen,
1454 1603 1558 1659 quia
1598 1614 1690 1646 non
1731 1602 1897 1645 habent
1938 1600 2027 1644 loci

246 1674 391 1729 partes
422 1706 433 1717 .
463 1672 580 1717 Nam
618 1673 805 1729 angelus
835 1672 1029 1726 Gabriel,
1062 1674 1243 1730 quando
1274 1674 1449 1718 beatam
1481 1674 1667 1718 Mariam
1708 1672 2027 1729 alloquebatur,

191 1743 475 1788 mvidebatur
503 1747 651 1788 tamen
683 1756 782 1789 esse
813 1745 858 1788 in
890 1744 1008 1797 loco,
1040 1745 1120 1788 sed
1152 1749 1243 1789 erat
1272 1745 1318 1788 in
1337 1757 1394 1789 eo
1426 1744 1653 1789 illocaliter
1675 1779 1685 1789 .
1708 1745 1768 1788 Ita
1800 1748 1843 1788 et
1866 1747 2023 1788 cuncta

246 1826 521 1871 incorporea.
542 1831 584 1859 33

389 1884 436 1930 11.
467 1885 742 1930 Diversum
781 1890 859 1930 est
898 1899 1016 1931 esse
1046 1899 1056 1908 ·
1088 1886 1294 1931 videlicet
1324 1886 1410 1939 dei,
1452 1886 1576 1943 quod
1606 1897 1759 1930 Verum
1792 1889 1859 1929 ‘²⁵⁴‘
1890 1889 1932 1929 et
1962 1888 2030 1929 est

245 1955 292 2000 id
322 1956 446 2013 quod
486 1958 553 2000 est
591 1968 674 2000 nec
714 1961 887 2001 constat
925 1969 980 2001 ex
1019 1957 1229 2014 partibus,
1272 1961 1316 2001 et
1354 1957 1399 2000 id
1441 1956 1564 2013 quod
1605 1960 1685 2010 est,
1727 1956 1773 1999 id
1814 1959 1882 2000 est
1921 1955 2029 2000 illud

246 2038 346 2077 esse
390 2027 586 2071 hominis
630 2027 701 2071 vel
741 2027 926 2072 alicuius
965 2029 1040 2079 rei,
1088 2028 1212 2085 quod
1258 2030 1431 2072 constat
1479 2028 1663 2072 diversis
1704 2027 1901 2084 partibus
1947 2039 2031 2071 nec

192 2099 314 2142 nsest
351 2097 397 2141 id
428 2099 552 2154 quod
592 2102 659 2142 est
694 2132 704 2143 .
742 2098 891 2155 Ipsum
922 2111 1029 2143 vero
1061 2111 1161 2143 esse
1192 2098 1394 2143 nondum
1435 2100 1515 2150 est,
1548 2098 1695 2142 donec
1736 2098 1916 2154 incipiat
1955 2110 2031 2154 ap-

246 2180 398 2225 parere
428 2202 439 2222 ,
471 2169 576 2225 quia
607 2181 707 2214 esse
747 2170 942 2214 hominis
981 2182 1074 2213 non
1108 2173 1175 2213 est
1213 2173 1450 2225 antequam
1491 2169 1536 2212 in
1576 2180 1740 2224 genera
1781 2172 1823 2211 et
1853 2168 2027 2224 species

247 2238 433 2295 prodeat
474 2273 485 2283 .
527 2239 646 2283 Dum
688 2251 794 2284 vero
837 2239 940 2283 latet
979 2240 1075 2284 eius
1114 2252 1228 2292 esse,
1270 2239 1393 2296 quod
1433 2243 1500 2282 est
1539 2238 1584 2282 in
1628 2238 1905 2295 providentia
1942 2239 2027 2291 dei,

248 2309 445 2365 quodam
496 2310 635 2354 modo
686 2310 932 2354 secundum
983 2323 1033 2354 se
1084 2310 1286 2354 nondum
1328 2314 1414 2362 est,
1475 2309 1556 2353 sed
1606 2309 1854 2353 secundum
1907 2309 2026 2353 illam

248 2380 570 2437 providentiam
617 2382 825 2435 divinam,
872 2382 918 2425 in
962 2394 1050 2438 qua
1090 2382 1242 2426 omnia
1287 2393 1402 2438 quae
1453 2381 1595 2424 futura
1641 2384 1743 2424 sunt
1784 2392 1884 2424 esse
1930 2392 2030 2424 coe-

194 2456 407 2508 aoperunt
436 2455 480 2496 et
509 2452 705 2508 quodam
746 2453 886 2497 modo
917 2455 1020 2496 sunt
1051 2453 1253 2509 quamvis
1284 2453 1430 2497 adhuc
1469 2464 1562 2496 non
1600 2454 1873 2508 appareant.
1897 2450 2029 2495 Unde

249 2523 458 2580 scriptum
476 2527 542 2567 est
554 2522 707 2580 (Eccli.
726 2523 793 2577 18,
809 2523 869 2580 l):
892 2524 967 2580 qui
983 2523 1091 2568 vivit
1110 2524 1156 2567 in
1172 2528 1395 2568 aeternum
1413 2523 1574 2567 creavit
1589 2523 1740 2566 omnia
1755 2522 1887 2566 simul
1904 2556 1914 2565 .
1929 2521 2031 2565 Hoc

250 2598 335 2638 est:
367 2594 478 2638 deus
499 2598 734 2650 antequam
766 2594 920 2638 fierent
949 2594 1081 2638 simul
1113 2594 1351 2651 prospexit,
1384 2593 1700 2650 prospiciendo
1732 2592 2027 2649 praedestina-

248 2665 323 2718 vit,
366 2669 414 2709 ut
442 2665 555 2709 sicut
584 2669 699 2718 sunt,
741 2666 799 2709 ita
829 2665 984 2710 fierent
1013 2700 1023 2710 .
1054 2666 1138 2710 Per
1168 2666 1434 2709 creationem
1466 2669 1614 2708 tamen
1647 2668 1690 2708 et
1720 2664 2026 2720 operationem

250 2735 451 2780 distincte
478 2735 582 2779 fecit
611 2747 664 2779 ea
695 2748 809 2791 quae
841 2736 1119 2792 providendo
1151 2736 1283 2780 simul
1316 2739 1523 2792 operatus
1554 2739 1621 2779 est
1651 2738 1752 2779 ante
1782 2769 1791 2778 .
1822 2734 1955 2779 Unde
1986 2738 2030 2778 et

195 2805 355 2851 asalibi
393 2807 602 2863 scriptum
643 2810 711 2850 est
749 2806 1031 2864 (Gen.l,1):
1075 2807 1121 2851 in
1162 2807 1380 2863 principio
1422 2806 1583 2851 creavit
1622 2806 1733 2849 deus
1775 2805 1945 2848 caelum
1987 2807 2031 2848 et

249 2881 424 2931 terram;
456 2877 532 2921 ubi
554 2879 738 2921 cunctae
759 2882 979 2922 creaturae
1000 2879 1350 2934 comprehensae
1381 2879 1516 2921 sunt.
1538 2876 1735 2920 Nomine
1767 2875 1885 2919 enim
1918 2870 2028 2918 caeli

395 2982 411 3018 1
440 2981 658 3018 Custodia
686 2992 695 3000 ·
721 2981 804 3018 Hoc
835 2983 921 3018 ideo
947 2983 1034 3019 dicit
1058 2985 1144 3028 quia
1169 2983 1272 3029 quod
1296 2984 1494 3019 obscurum
1519 2983 1587 3017 etc.
1614 2980 1674 3016 TF
1797 2981 1970 3016 scrinium
1998 2979 2031 3016 C

250 3040 275 3076 2
297 3041 511 3077 hominibus
535 3041 569 3076 F
692 3041 716 3077 8
739 3042 908 3087 probatio
936 3040 970 3078 C
1102 3042 1146 3078 13
1170 3052 1266 3088 quae
1291 3042 1498 3078 communis
1523 3060 1569 3065 —
1596 3039 1640 3075 14
1664 3040 1765 3075 venit
1789 3040 1880 3075 haec
1905 3049 1978 3075 om.
1998 3038 2032 3075 C

254 3099 298 3135 17
321 3099 473 3136 Lemma
497 3100 536 3136 in
563 3098 597 3136 C
618 3099 671 3135 ist
699 3100 816 3136 Loco
953 3101 997 3136 17
1022 3104 1062 3137 ut
1086 3105 1170 3137 sunt
1194 3121 1240 3127 —
1265 3101 1308 3137 21
1338 3098 1566 3146 incorporea]
1601 3099 1704 3134 steht
1734 3098 1775 3134 in
1795 3096 1829 3134 C
1845 3097 2030 3143 fal-smalh

186 3188 191 3190 .
251 3157 379 3194 ht'rtter
400 3157 445 3195 Si
470 3159 646 3195 duobus
670 3162 738 3195 etc.
766 3159 822 3202 (Z.
838 3159 876 3204 9)
972 3160 1019 3196 22
1044 3159 1234 3196 Diumsum
1261 3159 1295 3196 C

1763 3216 1815 3252 4*
