2352 3568
404 266 462 312 48
1183 259 1222 296 Ε.
1241 258 1282 295 Κ.
1301 257 1415 300 Rand.

192 407 224 437 1>-
242 408 302 441 iu.
318 407 352 437 ιο
404 409 555 450 sonas,
596 396 653 441 ita
685 400 728 440 et
767 394 827 438 illi
859 398 945 438 tres
976 391 1264 443 substantias;
1311 399 1460 433 rursus
1499 387 1624 445 quod
1656 398 1742 432 nos
1779 386 2086 441 substantiam,
2126 385 2188 432 ilii

405 468 640 514 essentiam
686 467 837 511 dicunt
876 499 886 510 .
928 464 1046 521 Ergo
1092 463 1148 507 ita
1193 461 1252 506 ilii
1297 472 1430 505 unam
1470 458 1724 512 essentiam,
1768 457 1883 503 sicut
1923 469 2010 504 nos
2052 469 2188 505 unam

405 540 595 585 dicimus
634 537 922 583 substantiam
965 569 974 580 .
1016 533 1172 580 Graeci
1220 533 1372 577 dicunt
1411 541 1530 576 ΜιΑΝ
1576 542 1711 575 unam
1809 535 2001 576 οτειΑΝ
2039 540 2190 576 euseri-

405 612 508 656 tiam
577 621 636 656 εΝ
676 610 720 654 in
781 618 947 653 renem
975 607 1112 651 tribus
1194 611 1551 651 'rnocracicm
1589 601 1867 655 substantiis;
1910 601 2049 646 Latini
2081 611 2190 647 vero

367 694 526 728 εΜιΑΝ
563 694 695 727 unam
809 686 1116 725 ‘moenem
1162 675 1452 721 substantiam
1570 685 1631 720 εΝ
1675 674 1720 719 in
1834 682 2002 719 TPlclN
2050 672 2191 719 tribus

407 761 727 799 Προεωῐτοιε
763 750 979 809 personis,
1002 765 1044 794 ss
1165 746 1276 794 Una
1309 747 1467 804 igitur
1498 757 1508 769 ·
1538 744 1702 792 Omnis
1733 744 1968 791 auctoritas
1999 743 2107 791 novi
2137 754 2192 790 ac

404 825 560 869 veteris
591 822 852 874 testamenti,
894 821 931 865 si
963 820 1178 866 catholice
1210 819 1488 876 intelligetur,
1529 818 1617 863 hoc
1657 817 1863 871 insinuat,
1904 816 2029 875 quod
2069 819 2194 874 pater

404 896 521 940 filius
565 899 606 939 et
648 894 825 951 spiritus
865 897 1044 937 sanctus
1085 903 1200 936 unus
1240 891 1295 935 sit
1335 891 1447 935 deus
1488 889 1688 935 eiusdem
1729 888 2016 942 substantiae,
2065 886 2191 946 quod

405 966 536 1011 nobis
568 966 698 1010 etiam
731 965 775 1009 in
808 965 909 1022 ipso
941 967 1188 1008 sanctarum
1221 962 1529 1020 scripturarum
1571 961 1696 1006 initio
1735 960 2072 1014 demonstratur,
2113 958 2191 1005 ubi

354 1054 386 1082 10
405 1038 509 1082 dicit
554 1037 765 1081 dominus
811 1034 940 1093 (Gen.
984 1035 1021 1089 1,
1060 1034 1161 1091 26):
1219 1034 1434 1084 faciamus
1479 1032 1709 1078 hominem
1757 1032 1813 1077 ad
1860 1031 2102 1089 imaginem
2148 1034 2194 1076 et

404 1108 735 1154 similitudinem
769 1112 963 1152 nostram
994 1141 1004 1152 .
1028 1105 1140 1151 Cum
1174 1106 1292 1151 enim
1324 1104 1536 1162 singulari
1568 1116 1755 1149 numero
1787 1103 1895 1148 dixit
1934 1102 2191 1160 imaginem,

405 1180 598 1225 ostendit
629 1191 762 1224 unam
796 1183 993 1223 naturam
1026 1189 1126 1222 esse
1158 1177 1213 1222 ad
1247 1177 1373 1222 cuius
1414 1176 1654 1234 imaginem
1697 1177 1837 1220 homo
1878 1174 2044 1219 fieret.
2076 1172 2192 1220 Cum

404 1256 550 1296 autem
599 1251 703 1295 dicit
749 1250 969 1307 pluraliter
1005 1254 1214 1302 nostram,
1263 1248 1457 1293 ostendit
1502 1247 1635 1292 deum
1680 1247 1736 1291 ad
1780 1246 1907 1291 cuius
1949 1244 2192 1303 imaginem

405 1324 544 1368 homo
585 1322 720 1366 fiebat
751 1333 842 1366 non
876 1334 1009 1366 unam
1042 1332 1141 1365 esse
1183 1332 1469 1378 personam.
1508 1318 1554 1364 Si
1596 1319 1714 1363 enim
1758 1318 1831 1362 illa
1871 1329 1960 1363 una
1999 1315 2193 1362 essentia

354 1410 387 1439 ιε
406 1395 552 1452 patris,
605 1394 682 1438 filii
724 1398 766 1438 et
806 1393 983 1450 spiritus
1022 1392 1161 1437 sancti
1202 1404 1290 1436 una
1330 1395 1448 1436 esset
1487 1402 1692 1448 persona,
1734 1402 1826 1434 non
1866 1389 2083 1435 diceretur
2120 1386 2193 1434 ‘ad

406 1466 644 1522 imaginem
678 1463 886 1509 nostram’
891 1498 902 1517 ‚
934 1463 1014 1508 sed
1048 1464 1117 1508 ‘ad
1141 1463 1380 1520 imaginem
1406 1461 1566 1507 meam'
1572 1496 1582 1515 ,
1615 1474 1699 1508 nec
1721 1462 1903 1506 dixisset
1934 1457 2193 1514 ‘faciamus',

405 1538 484 1582 sed
518 1536 719 1582 ‘faciam'.
762 1535 899 1590 Quod
932 1536 968 1580 si
1002 1536 1046 1580 in
1079 1536 1164 1580 iilis
1194 1536 1332 1579 tribus
1365 1535 1569 1592 personis
1590 1539 1677 1579 tres
1698 1537 1849 1578 essent
1879 1530 2195 1590 intelligendae

406 1609 473 1653 vel
506 1608 752 1653 credendae
784 1607 1071 1660 substantiae,
1104 1619 1196 1651 non
1229 1607 1444 1651 diceretur
1474 1606 1544 1651 ‘ad
1578 1605 1819 1663 imaginem
1853 1602 2079 1658 nostram’,
2110 1602 2193 1648 sed

406 1680 474 1724 ‘ad
517 1679 735 1736 imagines
775 1678 976 1723 nostras'.
1048 1678 1182 1723 Nunc
1221 1690 1327 1723 vero
1368 1678 1423 1723 ad
1467 1690 1601 1722 unam
1653 1677 1895 1734 imaginem
1945 1675 2080 1721 unius
2118 1674 2192 1720 dei

351 1765 387 1793 πο
405 1752 543 1795 homo
575 1751 716 1795 factus
748 1750 916 1804 dicitur,
949 1755 996 1794 ut
1026 1762 1113 1794 una
1135 1754 1314 1795 sanctae
1344 1741 1543 1794 trinitatis
1575 1748 1864 1794 essentialiter
1893 1746 2100 1792 divinitas
2130 1746 2195 1792 in·

404 1823 577 1867 timetur
605 1857 615 1867 .
644 1822 772 1867 l-ianc
804 1834 986 1879 quoque
1017 1821 1249 1866 trinitatem
1283 1832 1572 1879 personarum
1605 1825 1737 1877 atque
1769 1820 1980 1864 unitatem
2013 1822 2193 1864 naturae

405 1894 620 1951 propheta
653 1893 786 1938 isaias
826 1893 1061 1938 revelatam
1103 1892 1188 1937 sibi
1231 1904 1322 1937 non
1363 1892 1510 1946 tacuit,
1551 1904 1652 1937 cum
1693 1903 1743 1936 se
1785 1891 1891 1936 dicit
1930 1889 2042 1948 (lsai
2070 1889 2114 1943 6,
2145 1888 2193 1947 3)

405 1965 609 2021 seraphin
650 1965 817 2009 vidisse
867 1964 1100 2009 clamantia
1145 1966 1337 2009 ‘sanctus
1386 1968 1565 2008 sanctus
1605 1968 1785 2008 sanctus
1825 1961 2038 2007 dominus
2081 1960 2194 2006 deus

404 2035 620 2089 sabaoth’,
666 2036 741 2081 ubi
783 2047 963 2093 prorsus
996 2036 1039 2080 in
1073 2047 1129 2080 eo
1161 2035 1284 2093 quod
1318 2035 1474 2080 dicitur
1503 2035 1630 2080 tertio
1662 2032 1868 2079 ‘sanctus'
1902 2043 2193 2092 personarum

351 2107 649 2160 astrinitatem,
692 2107 736 2151 in
768 2119 825 2152 eo
859 2106 981 2164 quod
1014 2107 1153 2151 semei
1186 2107 1343 2151 dicitur
1373 2106 1600 2151 ‘dominus
1631 2106 1743 2151 deus
1774 2103 1977 2151 sabaoth’
2014 2103 2195 2150 divinae

405 2182 582 2222 naturae
613 2179 903 2235 agnoscimus
934 2178 1159 2223 unitatem.
1179 2194 1221 2223 ss
1312 2177 1420 2223 Nec
1451 2178 1683 2235 separari
1707 2189 1717 2200 ·
1741 2177 1830 2222 ulia
1861 2175 2121 2222 differentia.
2151 2190 2196 2222 aa

405 2248 552 2294 Velut
590 2250 866 2307 partibus·
899 2249 1004 2295 Non
1049 2254 1222 2295 constat
1269 2250 1479 2308 partibus,
1527 2254 1574 2294 ut
1618 2249 1865 2294 substantia
1910 2246 2122 2294 hominis.
2151 2261 2196 2293 n

406 2319 554 2377 Signi
585 2332 595 2343 ·
620 2321 675 2365 ad
708 2321 901 2378 signum.
923 2337 966 2366 ss
1087 2321 1227 2366 Deus
1259 2325 1338 2366 est
1368 2333 1378 2343 ·
1411 2321 1631 2366 collectim
1665 2321 1722 2366 de
1753 2320 1892 2365 tribus
1923 2354 1934 2366 .
1966 2317 2195 2377 Quicquid

406 2391 650 2436 secundum
684 2392 974 2437 substantiam
1008 2393 1064 2437 de
1086 2393 1174 2438 deo
1207 2392 1484 2450 praedicatur
1514 2393 1572 2438 ita
1603 2392 1761 2438 dicitur
1791 2392 1848 2437 de
1878 2389 2068 2449 singulis
2099 2401 2196 2449 per-

351 2475 389 2505 ao
406 2463 544 2516 sonis,
568 2467 613 2507 ut
635 2463 763 2508 etiam
787 2464 1006 2508 collectim
1030 2464 1086 2509 de
1107 2464 1246 2509 tribus
1267 2464 1437 2509 dicatur
1457 2498 1467 2509 .
1491 2463 1635 2509 Licet
1656 2475 1666 2487 ·
1689 2465 1756 2509 fas
1778 2467 1857 2509 est.
1879 2478 1922 2509 οε
1966 2461 2196 2521 Spiritus

406 2538 618 2579 sanctus
646 2546 656 2557 ·
685 2534 872 2592 Spiritus
904 2540 1082 2580 sanctus
1104 2536 1180 2593 qui
1213 2536 1269 2580 de
1291 2540 1412 2594 patre
1434 2540 1477 2581 et
1507 2536 1602 2581 filio
1633 2535 1875 2593 aequaliter
1903 2532 2118 2592 procedit.
2147 2535 2197 2579 ut

406 2604 562 2649 beatus
584 2605 688 2650 dicit
707 2605 982 2663 Augustinus
1004 2605 1094 2663 (De
1114 2607 1228 2651 Trin.
1245 2607 1294 2661 V,
1313 2607 1399 2665 12),
1432 2607 1652 2665 quaedam
1674 2605 1913 2651 ineffabilis
1933 2602 2196 2651 communio

554 2770 567 2806 l
598 2770 648 2807 1111
667 2790 712 2797 -
729 2770 753 2807 2
778 2771 902 2808 dicunt
927 2781 1000 2808 om.
1022 2771 1055 2809 C
1150 2772 1172 2809 2
1198 2774 1291 2810 sicut
1307 2794 1354 2799 —
1370 2773 1395 2810 3
1420 2774 1660 2811 substantiam
1686 2782 1759 2809 om.
1780 2770 1816 2810 C
1907 2770 1932 2809 3
1948 2769 2079 2809 Graeci
2096 2769 2196 2809 me

408 2829 747 2877 ΠΡΟΕωΠΟΙΕΙ
782 2830 892 2878 etgne
917 2829 1055 2868 Gtosse
1086 2832 1126 2868 in
1160 2832 1449 2874 BTMEFPVR:
1485 2833 1524 2870 tn
1556 2831 1662 2871 BCR
1691 2832 1827 2869 slehen
1860 2831 1923 2868 dle
1953 2829 2195 2868 metatum·

409 2887 556 2926 Worter
599 2889 692 2926 aber
733 2891 806 2927 den
849 2891 1112 2938 griedusssdien:
1171 2891 1211 2928 in
1257 2891 1290 2929 C
1339 2893 1430 2929 sind
1478 2903 1552 2929 nur
1594 2892 1692 2929 Tetle
1733 2892 1859 2928 dr'eser
1899 2889 2039 2929 Glosse
2086 2889 2195 2927 ober-

405 2947 532 2994 llesert
666 2948 690 2986 5
713 2951 926 2997 ypostassin
953 2952 990 2993 (o
1015 2950 1108 2987 aber
1130 2952 1199 2988 der
1221 2952 1337 2997 Zeile)
1365 2951 1407 2993 C.
1456 2953 1648 3000 ypostasin
1673 2950 1707 2989 Β
1825 2950 1850 2988 6
1875 2950 2196 2992 ΠΡΟΕωΠΑΝ,

408 3010 668 3048 ΠΡΟΕΟΠΑ
686 3011 754 3046 etc.
771 3010 879 3046 codd.
988 3009 1036 3047 26
1059 3009 1154 3047 Nec
1170 3010 1228 3047 bis
1245 3011 1292 3048 28
1308 3012 1355 3048 ad
1372 3011 1535 3060 signum}
1552 3012 1657 3049 dlese
1673 3009 1837 3049 mosset:
1858 3012 1994 3059 folgen
2010 3009 2051 3047 In
2069 3006 2105 3047 C
2125 3008 2202 3056 aa!

406 3065 612 3104 Aiicuiun
637 3069 705 3105 etc.
732 3066 938 3115 (S.49,12)
969 3070 1039 3106 der
1065 3067 1255 3107 δανείων
1286 3072 1389 3107 stem
1422 3071 1516 3108 aber
1546 3071 1655 3108 durtii
1693 3069 2101 3118 Vemer'sungsuldam
2133 3067 2198 3106 ὥ

409 3122 598 3173 ordnung
618 3127 691 3164 her
788 3127 836 3165 28
860 3127 1051 3175 Quicquid
1075 3148 1122 3155 —
1147 3129 1194 3167 29
1219 3130 1362 3177 dicitur}
1388 3132 1492 3168 steht
1507 3132 1569 3168 als
1584 3131 1793 3168 besonaere
1810 3129 1949 3168 (Ποσει
1970 3129 2012 3167 tn
2027 3127 2072 3172 B.
2092 3128 2198 3176 fehlt

407 3182 447 3220 tn
472 3185 618 3222 andem
645 3185 940 3233 uanamrtsten
