2352 3568
377 279 433 323 54
1144 272 1182 310 Ε.
1200 272 1243 312 Κ.
1260 271 1375 315 Rand.
1447 284 1449 286 ¹

165 421 197 451 ρ.
214 419 325 454 1⁷1.ae
379 408 515 454 multa
546 418 684 466 posse
715 406 905 464 separari
938 409 1099 458 mente,
1133 415 1224 448 non
1257 402 1387 448 etiam
1421 413 1621 460 corpore.
1643 417 1687 447 33
1789 401 1944 447 Primi
1977 413 1989 427 ·
2021 402 2067 448 id
2098 406 2166 450 est

376 479 554 525 summi.
575 495 617 524 33
678 478 748 523 Ex
775 478 950 523 animo
973 489 983 500 ·
1007 476 1051 521 id
1073 480 1158 520 est:
1192 474 1416 531 tingamus
1437 473 1557 531 apud
1579 472 1778 519 animum
1801 476 2016 529 nostrum,
2036 474 2166 533 quasi

377 550 484 596 illud
516 562 740 596 summum
773 550 942 594 bonum
976 559 1067 592 non
1101 547 1188 591 sit.
1212 545 1289 590 Est
1319 549 1464 590 autem
1498 548 1542 589 et
1571 556 1748 590 summe
1778 548 1858 590 est.
1880 561 1924 591 33
1983 544 2164 600 Quod·

376 634 413 668 s.
436 622 624 680 primum
657 621 842 666 bonum.
865 636 907 665 33
985 618 1036 663 ln
1069 629 1221 675 quem
1244 629 1254 640 ·
1277 616 1483 661 videlicet
1514 615 1637 674 quod
1670 616 1860 675 primum
1893 617 2065 663 bonurn
2095 617 2166 673 sit,

340 693 422 738 sid
454 697 521 738 est
552 693 676 737 deus.
699 708 741 737 33
832 690 1173 736 Barbararum
1199 700 1208 711 ·
1232 688 1336 746 quia
1368 687 1580 733 barbarae
1611 688 1816 734 nationes
1848 688 1983 734 deum
2013 687 2169 735 colunt

378 768 421 810 et
452 775 722 821 quamquam
755 762 939 807 diversis
971 761 1138 813 ritibus,
1180 760 1277 818 ipse
1307 763 1455 805 tamen
1487 759 1630 805 cultus
1661 759 1856 805 ostendit
1885 760 2021 805 deum
2050 770 2167 815 me,

378 834 447 879 cui
481 835 626 878 honor
655 838 698 878 et
729 832 968 878 reverentia
1001 836 1067 877 est
1098 831 1349 876 exhibenda
1379 830 1553 876 tametsi
1585 842 1794 889 perverso
1826 831 1984 877 ordine
2013 831 2105 878 flat.
2125 847 2169 879 u

379 905 785 961 Religionibus·
811 903 984 960 Religio
1025 903 1182 948 dicitur
1212 914 1268 948 eo
1301 902 1424 960 quod
1466 907 1638 948 mentes
1678 902 1831 960 religet
1867 907 1911 948 et
1941 902 2168 950 obnoxios

377 976 507 1020 iaciat
537 976 630 1020 suis
661 975 867 1020 institutis
899 1009 908 1019 .
942 974 1061 1019 idem
1094 978 1161 1019 est
1192 978 1235 1019 et
1264 974 1517 1032 superstitio
1541 1009 1551 1020 .
1574 973 1665 1020 Sed
1703 975 1791 1019 hoc
1821 986 2003 1029 nomen,
2034 974 2080 1021 id
2101 978 2169 1021 est

325 1057 359 1086 ιο
377 1047 643 1105 superstitio,
676 1046 899 1104 duplicem
930 1046 1084 1103 recipit
1105 1045 1459 1103 ethimologiam,
1496 1045 1675 1091 alteram
1705 1046 1888 1103 quidem
1918 1046 2168 1093 secundum

377 1119 490 1172 illos,
533 1118 608 1176 qui
635 1118 787 1164 dicunt
818 1118 987 1163 nullum
1020 1117 1248 1175 religionis
1280 1117 1445 1162 cultum
1488 1117 1532 1163 in
1564 1129 1622 1163 eo
1654 1117 1853 1174 intelligi,
1895 1117 1973 1163 ita:
2018 1129 2170 1176 super·

375 1190 494 1235 stitio
527 1190 683 1235 dicitur
702 1202 728 1235 a
750 1190 1071 1248 superstitibus
1105 1190 1148 1234 id
1171 1194 1238 1234 est
1265 1189 1322 1234 ab
1354 1189 1540 1235 aniculis
1571 1189 1647 1234 diu
1669 1189 1934 1243 viventibuS,
1966 1189 2072 1247 quia
2090 1189 2169 1235 diu

376 1261 570 1307 vivendo
603 1261 789 1306 delirant
818 1265 861 1306 et
892 1273 1097 1318 quaeque
1129 1260 1355 1318 superflua
1386 1261 1552 1306 iaciunt
1574 1296 1584 1306 .
1608 1260 1755 1306 Altera
1778 1272 1884 1306 vero
1916 1264 1984 1306 est
2012 1271 2170 1307 secun·

378 1332 484 1377 dum
519 1332 746 1389 religionis
778 1332 1166 1389 significationem,
1211 1332 1287 1377 ita:
1335 1332 1589 1389 superstitio
1631 1336 1697 1377 est
1727 1331 2087 1389 superstantium,
2123 1331 2169 1378 id

325 1411 360 1441 ¹⁵
378 1408 444 1449 est
466 1403 735 1456 caelestium,
771 1403 925 1448 cultus.
949 1420 991 1448 33
1053 1403 1166 1448 l-loc
1190 1416 1200 1426 ·
1223 1416 1259 1448 s.
1283 1404 1427 1461 primo
1450 1403 1590 1448 bon0.
1612 1420 1655 1449 33
1715 1402 1788 1448 Ea
1811 1415 1821 1426 ·
1844 1415 1880 1448 s,
1903 1414 2020 1461 quae
2041 1403 2170 1463 poni·

379 1488 491 1520 mus.
514 1491 555 1520 33
622 1474 771 1520 Bono
796 1487 805 1497 ·
829 1487 908 1532 per
938 1474 1159 1520 accidens.
1182 1491 1224 1520 33
1294 1475 1431 1520 l-linc
1452 1487 1463 1498 ·
1487 1487 1540 1520 ex
1573 1476 1656 1520 hac
1686 1475 1760 1520 tali
1793 1474 2107 1532 disputatione.
2128 1491 2172 1522 ω

378 1545 532 1600 Quod
566 1546 737 1591 bona·
763 1546 1010 1591 secundum
1044 1546 1267 1592 accidens.
1289 1562 1332 1591 33
1423 1546 1579 1600 Quod
1611 1551 1764 1591 sunt·
1787 1546 2036 1592 secundum
2066 1545 2170 1593 sub-

377 1618 596 1662 stantiam.
618 1633 660 1662 33
773 1617 960 1663 Gravis
983 1630 994 1640 ·
1016 1617 1208 1671 Albedo,
1240 1618 1431 1675 gravitas
1453 1623 1497 1663 et
1523 1618 1768 1663 rotunditas
1800 1618 2033 1676 qualitates
2052 1621 2170 1673 sunt,

379 1701 562 1744 quarum
596 1688 931 1746 participatione
958 1688 1008 1733 fit
1028 1689 1194 1742 album,
1226 1701 1361 1747 grave
1393 1694 1436 1734 et
1466 1690 1704 1735 rotundum
1729 1724 1739 1735 .
1763 1689 1810 1735 Si
1838 1701 1947 1748 ergo
1977 1689 2168 1748 primum

323 1759 549 1804 mbonum
589 1772 680 1805 non
722 1764 853 1814 esset,
885 1773 911 1805 a
943 1773 1035 1816 quo
1067 1761 1219 1806 omnia
1252 1773 1367 1818 quae
1406 1765 1510 1806 sunt
1554 1761 1685 1806 bona·
1706 1765 1822 1815 sunt,
1855 1765 1899 1806 et
1926 1764 2077 1807 tamen
2106 1761 2170 1807 di·

378 1835 577 1875 cerentur
610 1842 710 1875 esse
742 1830 863 1876 bona
894 1843 947 1876 ea
979 1844 1094 1889 quae
1116 1837 1231 1886 sunt,
1264 1837 1369 1877 tunc
1396 1837 1515 1877 esset
1545 1833 1723 1878 bonitas
1745 1832 1967 1890 qualitatis
1986 1844 2169 1888 nomen,

378 1902 491 1947 sicut
511 1901 688 1956 albedo,
722 1902 913 1959 gravitas
935 1907 978 1947 et
998 1903 1256 1957 rotunditaS,
1289 1909 1332 1948 et
1353 1904 1409 1949 ab
1442 1904 1515 1948 illa
1546 1904 1744 1949 bonitate
1773 1904 2020 1950 dicerentur
2048 1904 2171 1951 bona
2337 1897 2352 1980 ,ὲ-

379 1972 712 2030 participatione
753 1975 977 2028 bonitatiS,
1026 1975 1140 2020 sicut
1180 1980 1283 2020 sunt
1328 1976 1429 2021 alba
1470 1976 1690 2021 albedinis
1737 1977 2086 2035 participatione,
2127 1980 2172 2023 et
2344 1982 2352 2027 ,·“

378 2048 483 2088 tunc
514 2056 605 2089 non
638 2050 788 2090 essent
818 2046 1091 2092 substantiae
1122 2047 1166 2091 in
1199 2059 1256 2092 eo
1289 2048 1412 2104 quod
1445 2052 1548 2092 sunt
1587 2048 1749 2100 bonae,
1791 2048 1904 2093 sicut
1945 2059 2029 2094 nec
2067 2047 2171 2094 alba
2338 2034 2352 2105 l,

324 2118 482 2158 2⁵sunt
513 2114 556 2159 in
590 2127 646 2160 eo
679 2117 802 2173 quod
835 2123 950 2163 sunt.
973 2134 1015 2162 33
1075 2117 1218 2163 Tunc
1241 2130 1251 2141 ·
1275 2119 1319 2163 id
1352 2124 1437 2164 est:
1471 2120 1508 2164 si
1531 2131 1624 2164 non
1647 2124 1797 2164 essent
1817 2132 1843 2164 a
1865 2119 2010 2178 primo
2041 2119 2168 2166 bono

379 2184 512 2238 bona,
545 2186 626 2231 sed
658 2187 772 2232 sicut
802 2188 859 2233 ab
881 2189 1087 2235 albedine
1120 2189 1340 2247 qualitatis
1372 2190 1486 2244 alba,
1520 2191 1578 2236 ita
1609 2195 1652 2235 et
1673 2203 1699 2235 a
1720 2191 1918 2236 bonitate
1949 2190 2171 2249 qualitatis

380 2255 513 2301 bona.
535 2273 577 2301 33
653 2257 813 2304 Color
835 2271 844 2282 ·
868 2260 912 2305 id
946 2265 1013 2305 est
1043 2261 1220 2307 albedo.
1243 2278 1285 2306 33
1346 2261 1565 2319 Singula
1586 2274 1596 2284 ·
1620 2262 1878 2308 accidentia.
1899 2277 1942 2308 33
2002 2262 2140 2309 idem
2157 2275 2169 2287 ·

380 2326 424 2370 id
457 2331 541 2372 est:
584 2329 620 2373 si
664 2342 801 2375 unum
834 2336 952 2376 esset
989 2332 1234 2377 substantia
1267 2337 1309 2378 et
1348 2333 1393 2378 id
1426 2333 1549 2390 quod
1582 2333 1627 2378 in
1659 2333 1905 2379 substantia
1945 2338 2026 2389 est,
2064 2337 2171 2380 tunc

379 2401 497 2442 esset
528 2399 654 2444 color
683 2401 928 2447 substantia
959 2404 1216 2460 corporalis.
1240 2420 1282 2449 33
1363 2404 1501 2449 ldem
1526 2417 1535 2427 ·
1560 2405 1604 2450 id
1637 2410 1703 2450 est
1734 2404 1982 2451 substantia
2011 2416 2171 2464 oorpo·

324 2468 495 2513 aoralis.
518 2486 560 2515 33
633 2470 767 2517 Fieri
793 2485 803 2495 ·
823 2477 869 2518 ut
899 2473 1099 2519 diversae
1132 2487 1200 2519 res
1233 2475 1350 2520 idem
1384 2476 1484 2521 sint.
1507 2492 1549 2521 33
1631 2476 1793 2533 Igitur
1822 2480 1946 2522 tunc
1976 2476 2028 2522 in
2058 2475 2170 2523 eis·

378 2540 417 2584 si
449 2552 475 2585 a
506 2541 651 2599 primo
683 2555 775 2588 non
808 2549 958 2590 essent
989 2546 1127 2591 bono,
1151 2563 1193 2591 33
1291 2546 1443 2592 Esset
1474 2559 1592 2593 esse
1617 2560 1627 2570 ·
1650 2548 1910 2594 substantia.
1932 2564 1975 2594 33
2064 2546 2172 2594 Ali·

380 2610 505 2667 quid
532 2623 543 2634 ·
565 2613 812 2659 secundum
846 2615 1067 2662 accidens.
1090 2634 1132 2662 33
1193 2617 1421 2672 Quidem
1440 2630 1450 2641 ·
1473 2618 1720 2663 secundum
1753 2618 1976 2664 accidens.
1997 2635 2040 2665 33
2099 2617 2172 2665 Ac

379 2680 518 2727 bona
542 2694 553 2705 ·
575 2695 611 2728 s.
634 2695 741 2730 non.
762 2701 804 2730 33
856 2685 927 2731 Ac
946 2699 955 2709 ·
974 2699 1056 2743 pro
1077 2692 1194 2734 tunc.
1217 2705 1259 2733 33
1319 2688 1436 2734 Non
1470 2690 1604 2734 idem
1627 2693 1806 2735 essent
1827 2690 1968 2747 quod
2000 2689 2170 2736 bona·

380 2750 425 2796 id
458 2754 543 2798 est:
585 2766 677 2800 non
709 2755 855 2813 ipsum
889 2769 987 2803 esse
1020 2759 1231 2804 haberent
1262 2760 1448 2805 bonum.
1479 2778 1521 2805 33
1602 2761 1717 2806 Nisi
1751 2762 1889 2807 bona
1923 2773 1935 2785 ·
1969 2761 2171 2808 substan·

325 2821 513 2868 utialia.
533 2839 577 2870 33
675 2825 845 2884 Spatii
870 2838 881 2850 ·
905 2828 949 2873 id
982 2834 1048 2874 est
1079 2830 1116 2874 si
1148 2830 1313 2875 nullam
1347 2831 1633 2888 quantitatem
1666 2832 1891 2878 haberent.
1911 2849 1955 2878 33
2051 2832 2170 2879 Non

381 2904 464 2939 res
486 2905 496 2917 ·
519 2905 556 2940 s.
579 2898 763 2942 creatae.
784 2913 827 2942 33
917 2898 1238 2958 Principium
1262 2913 1272 2924 ·
1297 2901 1340 2946 id
1363 2905 1429 2946 est
1461 2902 1572 2947 deus
1593 2902 1668 2960 qui
1700 2903 1991 2950 solummodo
2021 2904 2172 2951 bonus

381 2966 449 3010 est
491 2976 575 3012 nec
618 2967 752 3014 habet
795 2968 1107 3027 pluralitatem,
1161 2972 1266 3029 quia
1313 2985 1404 3018 non
1450 2979 1516 3018 est
1559 2974 1744 3019 diversis
1787 2987 1842 3020 ex
1886 2975 2097 3033 partibus.
2128 2991 2171 3022 u

525 3130 549 3168 8
584 3130 908 3183 Religionibus
942 3135 1025 3184 eta}
1060 3139 1164 3175 stent
1197 3148 1270 3175 nur
1302 3138 1341 3175 in
1382 3138 1459 3182 CR.
1495 3140 1684 3178 vfeueIcm
1718 3142 1778 3179 ein
1813 3142 1959 3180 Zusatt
1991 3151 2065 3180 aus
2097 3141 2170 3183 Re·

382 3187 521 3236 mizius
622 3190 671 3230 33
687 3192 785 3231 Non
803 3194 920 3233 idem
938 3195 1021 3243 αα]
1038 3196 1079 3233 ln
1098 3195 1244 3236 thei
1259 3197 1433 3239 Glossen.
1459 3200 1598 3238 ebenso
1615 3201 1842 3248 Alludque
1859 3205 1927 3240 etc.
1947 3201 2168 3247 (3:5522)
