2352 3568
6 186 11 211 ι
39 192 47 212 J

3 214 18 408 ᾖ
943 252 1132 290 ,lohannes
1157 252 1313 290 Scottus.
1956 257 2014 300 63

41 394 180 431 2122.ae
234 382 437 437 Cicero,
482 383 630 429 Plato
664 395 675 406 ·
710 383 792 428 Ista
823 388 926 429 sunt
964 384 1142 442 propria
1174 397 1289 442 quae
1329 385 1494 430 habent
1523 384 1779 442 specificam
1811 384 2013 430 differen-

49 455 50 458 ’
230 454 350 500 tiam.
372 470 415 499 33
474 454 629 512 Lapis
660 455 743 499 hic
766 466 775 477 ·
797 454 931 512 Apud
952 455 1208 500 dialecticos
1238 467 1404 500 nornen
1436 455 1752 513 appellativum
1785 468 1886 500 cum
1918 457 2014 501 arti·

232 525 335 570 culo
375 525 571 583 positum
602 525 692 571 vim
732 526 897 582 proprii
938 526 1133 570 nominis
1174 526 1320 580 habet,
1361 529 1410 571 ut
1448 527 1486 571 si
1528 526 1672 570 dicam
1714 529 1871 583 ‘equus
1912 527 2012 581 hic’,

230 597 317 642 tale
357 599 425 642 est
463 597 555 641 acsi
594 597 739 641 dicam
780 596 988 642 ‘Roebus’
1039 596 1114 654 (cf.
1145 597 1293 654 Virgil
1318 597 1427 643 Aen.
1458 598 1499 642 X
1529 598 1635 655 861)
1675 597 1746 642 vel
1785 598 2010 643 ‘Xanthus'

194 683 214 713 ⁵
231 667 306 724 (cf.
338 666 578 724 Angustia,
612 667 711 712 Cat.
733 666 843 712 Dec.
879 669 917 721 1,
949 668 1019 713 ed.
1050 669 1211 725 Migne
1238 669 1405 723 XXXII,
1441 669 1587 727 1420).
1658 669 1866 714 Similiter
1904 682 2012 727 ergo

230 739 345 796 lapis
394 739 465 783 hic
516 751 598 795 pro
650 739 831 796 proprio
884 739 972 784 hoc
1020 739 1124 784 loco
1172 733 1481 798 accipiendum
1534 745 1619 794 est,
1671 743 1898 797 tamquam
1951 742 2014 785 di-

230 813 399 855 ceretur
427 811 716 867 proconissus
757 809 831 866 (cf.
863 810 986 867 infra
1010 824 1057 868 p.
1091 812 1181 869 84).
1244 812 1310 856 Ex
1350 813 1437 857 hoc
1477 812 1596 856 enim
1636 811 1785 869 lapide
1825 814 2012 856 statuam

230 880 413 926 Achillis
443 881 634 938 legimus
664 881 823 925 factam
847 916 857 926 .
881 882 1151 927 Huiusmodi
1182 883 1313 939 igitur
1341 896 1522 936 nomen,
1551 883 1676 940 quod
1706 887 1773 927 est
1802 883 1916 940 lapis
1942 883 2014 927 vel

230 964 400 1006 mensa,
432 953 613 1009 quando
636 965 737 996 cum
765 953 946 997 articulo
968 958 1047 1006 est,
1080 954 1336 1011 particulare
1358 959 1442 1008 est3
1475 955 1656 1011 quando
1688 955 1785 999 sine
1816 955 2012 1008 articulo,

179 1040 214 1069 10
228 1024 449 1081 generale.
471 1039 514 1068 33
593 1023 827 1069 Persona
848 1035 857 1046 ·
882 1024 1079 1069 Persona
1111 1025 1267 1069 dicitur
1297 1038 1323 1069 a
1354 1025 1655 1082 personando,
1688 1037 1745 1070 eo
1778 1026 1901 1082 quod
1933 1038 2013 1082 per

230 1107 280 1140 se
310 1099 472 1140 sonet.
494 1095 615 1151 Ergo
647 1107 748 1139 cum
779 1095 881 1139 dico
914 1095 1096 1149 ‘homo’,
1128 1108 1222 1140 non
1243 1109 1322 1153 per
1344 1109 1393 1140 se
1415 1101 1557 1149 sonat,
1590 1097 1694 1152 quia
1726 1097 1782 1140 de
1804 1097 2014 1141 omnibus

230 1166 354 1221 dico;
394 1167 525 1224 igitur
554 1178 647 1210 non
677 1170 744 1211 est
774 1178 979 1223 persona.
1001 1183 1043 1210 33
1155 1167 1430 1212 Generalis
1462 1179 1471 1190 ·
1504 1168 1608 1224 quia
1648 1169 1736 1212 hoc
1774 1168 2012 1221 vocabulo,

231 1237 355 1294 quod
386 1241 454 1282 est
482 1238 636 1291 hom0,
667 1242 853 1282 cunctos
883 1237 1116 1282 hominum
1148 1239 1495 1295 complectimur.
1518 1254 1560 1282 ss
1640 1238 1978 1295 Singulorum
2002 1251 2012 1261 ·

230 1308 344 1353 sicut
371 1308 596 1365 Virgilius,
617 1325 660 1354 33

0 714 83 756 „i

5 1376 10 1385 r
2 1263 15 1328 ’,μ-
2 1107 14 1243 -,·Μῑ,--ν.
0 839 21 1029 132=›32.¹'›‹·2-‚a'—;
10 742 18 809 ·..>·.-
11 657 19 710 ’,ψ-«-
11 621 16 635 a
18 574 19 578 „
17 546 22 550 ,
20 472 23 473 ¹

5 1400 9 1464 J
62 1411 66 1416 ”
104 1421 119 1450 ι
175 1419 211 1449 15
373 1403 438 1448 111.
472 1403 733 1458 Quocirca
756 1416 766 1426 ·
790 1404 918 1448 Redit
944 1416 1023 1461 per
1043 1404 1228 1448 eosdem
1248 1404 1413 1460 gradus
1435 1417 1551 1461 quos
1573 1405 1784 1450 ascendit.
1806 1422 1847 1450 33
1898 1405 2015 1449 Per-

5 1477 13 1538 }
56 1500 72 1506 »
231 1486 363 1519 sona
384 1487 395 1497 ·
416 1474 534 1520 Nam
565 1475 611 1519 in
641 1487 735 1520 non
766 1475 1108 1520 subsistentibus
1140 1488 1232 1520 non
1256 1480 1322 1520 est
1352 1487 1544 1532 persona
1577 1488 1724 1533 neque
1746 1477 1791 1520 in
1813 1477 2014 1520 acciden—

8 1546 12 1556 ”
229 1545 362 1590 tibus.
383 1562 426 1590 33
486 1545 539 1590 ln
570 1546 650 1590 his
674 1558 684 1568 ·
706 1558 742 1590 s.
765 1547 1034 1591 substantiis.
1057 1563 1100 1591 33
1158 1547 1388 1591 Naturae
1411 1559 1421 1569 ·
1446 1547 1559 1591 Cum
1592 1548 1697 1591 dicit
1728 1551 1921 1592 ‘naturae
1952 1561 2015 1592 ra-

229 1616 483 1670 tionabilis',
506 1621 679 1674 separat
698 1617 980 1661 inrationales
1003 1621 1219 1662 creaturas
1240 1631 1333 1663 non
1354 1619 1593 1662 sentientes
1616 1623 1659 1662 et
1674 1631 1767 1663 non
1783 1620 1981 1663 viventes
2002 1654 2012 1663 .

231 1687 344 1732 Cum
375 1699 482 1732 vero
513 1688 665 1732 subdit
704 1689 946 1733 ‘individua
986 1689 1260 1742 substantia’,
1298 1690 1431 1734 abicit
1471 1690 1733 1734 universalia
1774 1691 1938 1734 omnia.
1971 1707 2012 1735 33

176 1769 531 1804 ωΥΠοετΑειΝ
564 1771 574 1781 ·
606 1771 721 1816 quae
762 1760 948 1816 pertinet
978 1760 1035 1804 ad
1068 1760 1355 1805 dialecticam.
1386 1777 1428 1805 33
1562 1760 1979 1806 Terminavimus
2002 1773 2012 1783 ·

230 1829 532 1883 diffinivimus,
548 1830 782 1874 terminum
799 1831 1047 1887 posuimus.
1058 1847 1100 1875 33
1154 1831 1358 1875 Nomen
1375 1843 1386 1853 ·
1404 1843 1439 1875 s.
1458 1831 1678 1875 usitatum.
1696 1847 1737 1875 ss
1767 1831 2012 1876 Aliunde·

231 1900 287 1945 ab
329 1900 417 1945 alio
450 1899 623 1946 Graeco
665 1914 798 1958 quam
830 1914 856 1946 a
887 1902 1145 1946 substantia.
1167 1918 1209 1947 33
1329 1903 1577 1947 Personis
1609 1914 1619 1924 ·
1651 1903 1696 1946 id
1737 1905 1804 1947 est
1839 1903 1970 1947 larvis
2003 1938 2012 1948 .

230 1971 364 2028 Apud
391 1972 509 2016 enim
542 1973 750 2030 antiquos
781 1985 881 2017 mos
911 1973 992 2018 fuit
1022 1974 1283 2018 histrionum
1316 1973 1390 2031 (cf.
1412 1986 1555 2031 supra
1578 1987 1627 2030 p.
1651 1974 1711 2031 7),
1744 1977 1791 2018 ut
1820 1975 1865 2018 in
1896 1975 2015 2019 thea-

229 2042 305 2087 tfis
336 2043 595 2088 hominibus
626 2044 983 2101 quibuscumque
1012 2045 1177 2089 vellent
1216 2045 1336 2089 nuda
1375 2045 1487 2089 facie
1530 2045 1773 2098 illuderent,
1815 2045 1896 2089 sed
1927 2046 2016 2090 hoc

176 2129 214 2158 2⁵
231 2124 333 2158 cum
364 2113 675 2171 displicuisset,
718 2115 941 2159 adhibitae
980 2118 1083 2159 sunt
1121 2115 1280 2168 larvae,
1324 2116 1369 2159 in
1402 2115 1564 2172 quibus
1607 2118 1650 2159 et
1693 2116 1835 2159 maior
1876 2128 2015 2161 sonus

231 2188 411 2241 propter
440 2186 759 2230 concavitatem
792 2186 990 2230 ederetur
1029 2189 1072 2230 et
1111 2186 1219 2230 nulli
1258 2188 1406 2242 aperte
1447 2186 1699 2230 illuderetur
1732 2220 1742 2230 .
1777 2186 1875 2230 Hae
1906 2199 2014 2243 ergo

230 2254 377 2299 larvae
416 2267 635 2312 personae
675 2256 817 2300 dictae
857 2259 972 2310 sunt,
1013 2269 1070 2301 eo
1103 2257 1226 2313 quod
1266 2257 1501 2301 histriones
1541 2257 1586 2300 in
1627 2257 1696 2300 his
1738 2257 2013 2313 singulorum

232 2325 466 2370 hominum
498 2326 764 2371 substantias
795 2328 1181 2383 repraesentabant
1212 2362 1222 2372 .
1254 2327 1387 2372 Unde
1427 2330 1470 2371 et
1509 2340 1728 2384 personae
1769 2328 1896 2384 quasi
1937 2340 2016 2384 per

20 2450 36 2550 φήμη·
17 2299 29 2384 ...z—5»
20 2274 28 2286 a
19 2240 29 2260 ο..
19 2201 29 2223 <-.›-
8 2133 28 2188 -‘—-‹z—
18 2114 25 2119 e
19 2067 23 2077 »ν
13 1936 23 1973 --›„
12 1895 14 1899 ·

1 2387 41 2446 ἑ
68 2414 84 2442 ,;
233 2407 282 2440 se
313 2398 525 2440 sonantes
564 2399 667 2441 sunt
696 2397 838 2442 dictae
870 2432 880 2442 .
912 2398 966 2442 Et
1005 2398 1249 2451 sciendum,
1288 2398 1392 2454 quia
1424 2411 1613 2454 quorum
1653 2398 1922 2442 substantias
1951 2411 2015 2443 re-

178 2482 216 2511 an
234 2467 584 2524 praesentabant,
617 2480 770 2512 eorum
803 2469 930 2513 dictis
951 2471 995 2513 et
1024 2469 1149 2514 factis
1180 2469 1342 2514 fabulis
1373 2471 1416 2513 et
1445 2469 1783 2525 gesticulatione
1815 2470 2014 2526 corporis

42 2572 46 2595 3
69 2538 79 2582 ’ζ
232 2537 477 2582 illudebant
510 2572 520 2583 .
554 2538 624 2582 Ab
656 2539 725 2583 his
755 2539 903 2596 itaque
935 2541 1151 2597 personis,
1192 2541 1237 2584 id
1269 2542 1335 2585 est
1373 2541 1517 2593 larvis,
1557 2540 1812 2584 translatum
1844 2542 1923 2594 est,
1968 2542 2015 2584 ut

234 2609 435 2653 omnium
487 2610 720 2654 hominum
767 2611 1038 2656 substantiae
1090 2612 1344 2656 individuae
1390 2624 1609 2669 personae
1653 2614 1927 2656 vocarentur.
1973 2628 2015 2656 33

232 2677 652 2737 Tragoediisque
684 2692 695 2703 ·
726 2681 1001 2738 Tragoediae
1032 2685 1136 2726 sunt
1167 2682 1309 2727 dictae
1340 2683 1397 2727 ab
1429 2695 1486 2727 eo
1519 2682 1642 2739 quod
1674 2685 1741 2726 est
1770 2685 1935 2739 tragos,
1968 2683 2012 2726 id

235 2752 302 2794 est
337 2751 495 2804 hircus,
538 2764 671 2808 quem
701 2753 855 2808 tragici
898 2765 979 2810 pro
1023 2765 1205 2797 munere
1248 2754 1537 2810 accipiebant,
1582 2754 1676 2797 sive
1708 2753 1839 2797 etiarn
1871 2753 2013 2797 dictae

180 2834 218 2864 35
235 2833 263 2866 a
298 2822 460 2866 vilibus
499 2824 787 2876 munusculis,
831 2837 945 2881 quae
986 2824 1156 2869 Graece
1194 2827 1435 2881 tragemata
1475 2825 1688 2878 dicuntur,
1730 2824 1880 2868 Latine
1923 2824 2014 2867 bel-

50 2894 115 2944 >212⁸
235 2892 353 2937 laria.
374 2909 418 2937 33
503 2893 634 2948 Quis
665 2895 914 2940 interest·
937 2896 982 2940 id
1015 2899 1081 2940 est
1111 2897 1223 2940 inter
1253 2909 1369 2953 quos
1400 2897 1531 2940 distat
1561 2907 1692 2939 sexus
1723 2895 1794 2938 vel
1826 2894 2012 2951 qualitas

378 3046 403 3082 4
427 3046 536 3082 rebus
566 3047 627 3082 vel
660 3048 816 3084 xanthus
844 3047 887 3088 C,
921 3049 1031 3084 rebus
1065 3049 1126 3084 vel
1160 3052 1307 3085 sanctus
1344 3048 1412 3086 ΠΒ
1436 3048 1493 3091 (ἲ),
1530 3048 1666 3083 roebus
1699 3047 1759 3083 vel
1792 3049 1923 3082 xantos
1956 3046 2012 3086 M,

237 3105 373 3140 roebus
397 3105 458 3140 vel
482 3106 588 3141 athos
612 3105 646 3141 F
808 3106 832 3142 6
855 3117 923 3152 pro
948 3116 1021 3143 om.
1038 3106 1109 3143 BC
1274 3107 1321 3144 26
1346 3107 1590 3143 illuderentur.
1607 3118 1645 3142 33
1671 3103 1705 3142 C
1869 3105 1916 3141 33
1941 3105 2014 3141 das

206 3188 209 3190 -
236 3163 389 3200 Lemma
408 3164 512 3208 fehlt
533 3164 574 3200 ἰιι
601 3163 634 3200 C
774 3165 822 3201 34
845 3167 946 3201 traici
974 3164 1078 3203 CUB
