2352 3568
957 264 1145 302 Johannes
1169 263 1325 302 Scottus.
1967 271 2024 315 67

245 394 415 439 substat
445 395 577 440 rebus
603 408 629 440 a
659 407 708 440 se
739 396 892 440 creatis
922 395 1042 441 velut
1071 395 1157 441 sibi
1188 396 1503 450 accidentibuS,
1542 397 1709 455 quippe
1740 398 1817 455 qui
1854 399 2023 444 nullum

245 466 398 524 recipit
417 467 638 521 accidens,
670 467 750 512 sed
782 467 899 521 ideo,
933 467 1056 524 quod
1087 467 1423 512 fundamentum
1456 470 1499 512 et
1529 469 1658 525 origo
1680 474 1797 514 esset
1822 471 2023 515 omnium

244 549 386 582 rerum
395 552 407 591 ;
439 540 482 582 et
513 538 636 595 quod
667 538 780 583 sicut
809 538 855 582 in
885 538 1130 583 substantia
1161 539 1404 584 accidentia
1434 543 1536 584 sunt
1566 544 1609 584 et
1639 540 1810 597 absque
1841 553 1894 586 ea
1925 553 2024 587 esse

244 620 337 653 non
369 611 571 666 possunt,
612 609 670 654 ita
710 610 755 654 in
793 609 880 654 deo
913 610 1064 654 omnia
1103 610 1348 655 subsistunt
1378 613 1420 655 et
1451 611 1622 668 absque
1662 623 1719 656 eo
1759 612 1867 656 nihil
1907 616 2022 666 sunt,

207 695 226 724 5
245 692 359 737 quae
391 680 698 725 conservando
739 693 916 738 semper
955 681 1126 738 operari
1159 681 1315 726 dicitur
1346 716 1356 727 .
1387 682 1520 728 Unde
1560 682 1605 726 in
1646 683 1881 740 evangelio
1913 683 2021 741 (ΙοΙι.

243 750 285 804 5,
312 751 403 808 17);
436 754 559 808 pater
587 763 715 796 meus
747 763 890 808 usque
922 752 1062 796 modo
1094 755 1299 809 operatur
1319 755 1362 797 et
1383 765 1471 809 ego
1491 765 1665 810 operor.
1688 769 1730 798 ss
1789 754 1928 798 Idem
1952 766 1961 776 ·
1986 767 2021 799 s.

243 822 368 866 deus.
389 838 431 866 ss
541 822 629 867 Uti
651 834 661 844 ·
684 822 809 867 sicut.
832 839 873 867 33
984 823 1258 868 Praeesset
1284 836 1294 845 ·
1322 824 1514 868 creando
1547 824 1711 869 omnia.
1733 840 1775 869 33
1880 825 2023 870 Prin·

243 893 436 949 cipium
461 905 470 915 ·
492 893 843 938 fundamentum.
865 909 907 937 ss
1027 893 1282 938 Subesset
1304 907 1314 917 ·
1337 895 1598 939 sustinendo
1630 897 1678 940 ut
1707 896 1821 940 sicut
1850 900 2024 953 praeest

241 963 300 1008 ita
329 964 554 1008 sustineat.
576 980 618 1008 33
680 970 966 1013 οΥειωεΘΑΙ
995 977 1005 987 ·
1028 965 1115 1009 hoc
1146 969 1212 1010 est
1242 966 1494 1011 subsistere.
1516 982 1557 1011 33

2 1059 151 1095 'ism
188 1062 223 1092 ιο
388 1047 452 1091 Ν.
486 1046 749 1091 Personae
772 1059 781 1068 ·
805 1047 850 1090 id
878 1049 945 1091 est
974 1048 1192 1092 essentiae
1223 1060 1337 1104 quae
1367 1053 1435 1092 est
1463 1049 1508 1092 in
1536 1053 1701 1094 natura.
1723 1065 1764 1093 33
1815 1060 1993 1095 οΥειΛε
2010 1061 2020 1073 ·

2 1104 18 1138 ²²²
237 1118 472 1175 genitivus
495 1134 537 1163 33
626 1118 908 1162 Arbitrium
931 1131 941 1140 ·
965 1119 1009 1163 id
1042 1124 1126 1163 est:
1160 1120 1253 1163 sive
1276 1120 1442 1164 dicatur
1472 1133 1560 1164 una
1586 1121 1777 1164 essentia
1808 1121 1853 1164 in
1883 1121 2022 1165 tribus

238 1190 494 1234 substantiis
524 1189 770 1234 secundum
802 1188 1000 1234 Graecos
1040 1191 1134 1234 sive
1166 1203 1254 1234 una
1285 1191 1530 1235 substantia
1568 1190 1613 1234 in
1644 1191 1782 1235 tribus
1819 1191 2022 1247 personis

238 1261 485 1305 secundum
518 1261 710 1313 Latinos,
748 1260 793 1304 in
825 1263 1043 1317 potestate
1083 1263 1198 1305 recte
1231 1261 1501 1305 credentium
1532 1261 1620 1305 sit.
1643 1261 1764 1305 Nihil
1796 1261 1915 1306 enim
1953 1262 2021 1306 his

237 1331 410 1376 diversa
440 1332 636 1376 nominis
662 1331 883 1376 vocabula
914 1332 1153 1385 nocebunt,
1199 1332 1361 1388 quibus
1392 1332 1550 1376 eadem
1582 1334 1697 1376 recta
1727 1332 1842 1376 fides
1873 1335 2021 1377 mente

185 1417 220 1446 ιε
237 1402 465 1447 illuminet.
486 1419 530 1448 33
589 1402 840 1447 Constat·
862 1403 1000 1447 fixum
1032 1406 1220 1448 maneat.
1237 1419 1279 1448 33
1339 1403 1533 1447 Natura
1564 1405 1673 1447 est·
1697 1403 1871 1460 Repetit
1900 1416 2022 1460 prae-

239 1473 378 1518 dictas
411 1473 712 1518 diffinitiones.
734 1490 776 1518 33
892 1474 1166 1518 Individua
1201 1486 1210 1496 ·
1246 1474 1450 1518 Dicendo
1492 1474 1732 1518 ‘individua
1762 1473 2019 1518 substantia'

239 1545 434 1589 ostendit
453 1557 546 1589 non
573 1545 781 1598 hominis,
814 1545 893 1589 sed
916 1545 1144 1590 Ciceronis
1175 1557 1275 1589 esse
1306 1557 1543 1602 personam
1568 1579 1577 1589 .
1600 1544 1847 1589 Subdendo
1881 1545 2021 1590 ‘ratio-

239 1616 412 1661 nabilis'
454 1615 724 1660 substantiae
765 1615 956 1660 excludit
995 1620 1152 1660 cuncta
1191 1615 1516 1660 irrationabilia.
1546 1632 1588 1660 33
1725 1616 1870 1660 Hanc
1893 1629 1902 1638 ·
1926 1628 2021 1673 per-

239 1697 411 1731 sonam.
433 1703 476 1731 33
534 1686 825 1731 Traductus
848 1699 857 1709 ·
881 1687 926 1730 id
958 1691 1024 1731 est
1044 1687 1267 1731 seductus.
1289 1703 1332 1731 33
1398 1687 1513 1731 Dici
1546 1698 1706 1743 posse
1729 1698 1739 1708 ·
1763 1687 1894 1731 etiam
1917 1699 2021 1732 con-

185 1758 397 1812 seiuncta,
430 1762 478 1802 ut
507 1758 552 1802 in
575 1758 761 1802 Christo.
784 1774 826 1802 33
886 1758 1228 1815 Praesumpto
1253 1770 1261 1780 ·
1285 1758 1330 1801 id
1358 1762 1425 1802 est
1454 1762 1685 1815 assumpto
1708 1770 1762 1802 ex
1783 1770 2018 1812 concesso,

215 1829 405 1874 ·scilicet
441 1829 563 1886 quod
596 1829 748 1873 omnia
778 1831 931 1873 natura
962 1830 1123 1873 habeat
1162 1841 1398 1885 personam
1432 1829 1563 1872 etiam
1596 1829 1844 1882 coniuncta,
1886 1834 1933 1873 ut
1973 1830 2019 1873 in

239 1900 428 1946 Christo.
453 1917 496 1945 33
616 1901 898 1945 <Definitio
940 1901 1184 1958 superius
1225 1901 1387 1944 dicta>
1423 1912 1432 1922 ·
1465 1900 1683 1953 diffinitio,
1726 1901 1891 1945 scilicet
1931 1913 2020 1957 qua

239 1971 404 2016 dictum
435 1974 502 2016 est
532 1983 769 2029 personam
792 1983 892 2016 esse
922 1972 1196 2016 individuam
1228 1972 1518 2016 substantiam
1542 2006 1551 2015 .
1574 1971 1691 2016 Nam
1722 1972 1760 2015 si
1791 1971 2020 2016 individua

237 2045 284 2087 et
313 2055 403 2087 una
433 2045 500 2087 est
530 2043 775 2088 substantia
806 2043 977 2096 Christi,
1019 2055 1127 2099 ergo
1160 2047 1202 2087 et
1242 2055 1331 2086 una
1370 2054 1562 2099 persona
1593 2043 1689 2086 eius
1729 2042 2019 2087 solummodo

185 2125 221 2154 25
238 2116 306 2158 est
336 2149 346 2158 .
377 2114 451 2158 Ait
480 2114 619 2158 enim:
662 2126 762 2158 cum
794 2114 926 2170 igitur
955 2114 1066 2158 haec
1096 2113 1301 2157 diffinitio
1333 2125 1551 2170 personae
1591 2113 1780 2156 sufficiat
1818 2113 1874 2156 ad
1915 2124 2020 2157 con·

237 2185 500 2230 vincendam
533 2184 766 2229 falsitatem
797 2184 1005 2237 Nestorii,
1046 2185 1227 2241 insuper
1256 2184 1429 2228 dabitur
1459 2184 1793 2239 argumentatio,
1826 2185 1873 2227 ut
1902 2195 2021 2228 error

239 2255 355 2300 illius
385 2255 661 2300 manifestius
692 2257 914 2312 appareat.
936 2271 978 2300 33
1082 2254 1200 2299 Non
1233 2257 1312 2299 est
1343 2254 1537 2298 Christi
1570 2267 1669 2298 una
1700 2266 1926 2311 persona
1949 2266 1958 2276 ·
1981 2267 2017 2299 s.

238 2329 286 2371 ut
315 2326 547 2371 Nestorius
578 2325 744 2378 asserit,
776 2325 856 2369 sed
887 2325 1015 2370 duae.
1037 2341 1078 2370 33
1160 2325 1268 2369 Nec
1298 2329 1399 2369 tam
1423 2336 1433 2346 ·
1456 2325 1541 2369 Hic
1572 2325 1729 2369 doctor
1758 2337 1837 2381 per
1865 2337 2019 2382 paren·

237 2398 382 2442 thesin
412 2397 606 2454 loquitur
636 2396 851 2441 catholice
872 2409 1015 2453 usque
1048 2397 1257 2453 ‘sequitur
1286 2396 1360 2441 ut’.
1382 2412 1424 2440 33
1485 2395 1739 2452 Seiungat
1758 2407 1770 2418 ·
1792 2408 1829 2440 s,
1851 2396 1908 2440 ab
1930 2409 2019 2440 una

182 2480 221 2509 ao
237 2481 443 2526 persona.
463 2484 505 2512 33
566 2467 812 2524 Sequitur
832 2479 842 2489 ·
865 2479 1147 2524 consequens
1169 2470 1248 2512 est.
1270 2483 1311 2512 33
1382 2467 1528 2520 Quae
1560 2471 1640 2510 est
1670 2467 1829 2523 igitur
1850 2478 1860 2489 ·
1883 2466 2016 2519 nulla,

237 2540 276 2584 si
297 2540 355 2583 ita
376 2542 443 2584 est
463 2541 511 2583 ut
530 2538 763 2583 Nestorius
784 2538 900 2582 dicit.
915 2555 957 2583 33
1018 2538 1182 2592 Quasi
1206 2551 1215 2561 ·
1239 2550 1273 2584 S.
1298 2538 1551 2582 coniunctio
1573 2538 1687 2582 facta
1708 2542 1786 2582 est.
1800 2554 1842 2582 33
1902 2538 2016 2582 Duo

238 2621 460 2668 corpora
493 2622 503 2631 ·
537 2609 660 2654 verbi
701 2610 853 2666 gratia,
898 2622 1051 2653 aurum
1084 2614 1126 2653 et
1166 2609 1414 2666 plumbum,
1459 2621 1574 2665 quae
1617 2621 1718 2653 cum
1763 2621 1817 2653 ex
1860 2609 2016 2653 eadem

237 2682 416 2726 materia
446 2681 534 2725 sint
563 2683 606 2725 et
636 2681 753 2725 iuxta
785 2692 834 2724 se
865 2681 1024 2737 posita,
1057 2681 1175 2725 aliud
1206 2685 1354 2725 tamen
1386 2684 1429 2724 et
1458 2679 1582 2724 aliter
1601 2684 1668 2724 est
1698 2692 1865 2732 aurum,
1898 2679 2016 2724 aliud

237 2755 280 2797 et
310 2752 432 2797 aliter
460 2752 693 2809 plumbum
717 2786 727 2796 .
749 2750 916 2796 Aurum
947 2764 1141 2808 namque
1170 2751 1339 2796 fulvum
1372 2756 1450 2804 est,
1483 2750 1715 2807 plumbum
1747 2753 1894 2795 autem
1925 2750 2017 2795 livi-

181 2833 220 2862 35
238 2824 345 2867 dum
368 2857 379 2868 .
402 2822 607 2867 Similiter
627 2835 749 2879 ergo,
777 2822 815 2866 si
837 2822 948 2866 deus
970 2825 1013 2867 et
1042 2823 1182 2867 homo
1213 2823 1259 2866 in
1279 2822 1454 2866 duabus
1476 2822 1679 2879 personis
1699 2824 1892 2874 manent,
1923 2833 2016 2865 non

237 2906 375 2937 unum
404 2893 570 2938 faciunt
600 2893 818 2938 Christum
850 2894 927 2950 qui
957 2894 1069 2938 deus
1099 2898 1143 2938 et
1172 2894 1311 2938 homo
1341 2905 1471 2938 verus
1501 2893 1570 2936 sit.
1591 2908 1633 2937 33
1730 2892 2016 2948 Apponun-

236 2966 318 3008 tur
339 2976 349 2986 ·
371 2964 644 3020 copulantur.
665 2979 708 3007 33
775 2964 928 3008 Locis
959 2965 1137 3009 iuncta
1168 2965 1272 3008 sint
1292 2976 1302 2986 ·
1325 2963 1431 3008 Non
1460 2967 1609 3007 tamen
1640 2962 1731 3006 duo
1753 2974 1940 3018 corpora
1970 2962 2015 3006 in

380 3117 428 3154 28
451 3117 691 3154 aasLemma
716 3116 756 3152 in
784 3115 817 3152 C
839 3116 891 3152 ist
914 3116 1126 3163 Duasque
1151 3120 1331 3153 naturas
1466 3115 1514 3151 30
1538 3124 1651 3160 quae
1675 3115 1743 3151 est
1768 3113 1917 3161 igitur]
1944 3115 2017 3151 das

204 3185 207 3187 ·
237 3177 389 3213 Lemma
406 3177 444 3213 in
464 3175 565 3213 Cist
587 3175 716 3211 Facta
740 3176 938 3211 hominis
1080 3175 1128 3211 36
1153 3176 1307 3211 christus
1332 3174 1371 3210 in
1396 3174 1466 3210 der
1486 3173 1691 3218 Kurzform
1716 3173 1823 3209 codd.
1850 3174 1900 3218 (?)

1821 3232 1872 3268 5*
