2352 3568
948 255 1136 292 lohannes
1160 253 1317 292 Scottus.
1961 257 2018 301 75

238 386 580 432 communicent.
603 399 646 429 ss
715 387 829 431 Vini
852 398 862 409 ·
886 387 1085 444 qualitas.
1107 399 1151 429 33
1222 385 1441 430 Inmixta
1463 397 1472 408 ·
1496 385 1609 430 Inter
1639 386 1943 431 inmixtionem
1977 393 2019 431 et

238 458 564 515 corruptionem
602 458 704 503 facit
735 458 1039 511 differentiam,
1080 462 1124 502 et
1162 457 1468 502 inmixtionem
1498 461 1630 502 vocat
1669 457 1776 502 illud
1810 458 1932 514 quod
1965 470 2019 502 ex

238 529 416 573 duobus
447 529 693 586 liquoribus
724 529 963 586 aequaliter
991 530 1256 586 temperatur
1278 563 1287 574 .
1309 528 1438 573 Verbi
1467 528 1625 585 gratia:
1659 540 1760 573 cum
1791 529 1944 573 vinum
1977 533 2020 573 et

237 612 354 657 aqua
384 600 558 657 aequali
589 612 794 646 mensura
834 600 1084 653 miscentur,
1125 599 1325 644 inmixtio
1357 599 1532 653 dicitur;
1572 603 1616 644 at
1645 600 1684 644 si
1724 599 1825 656 plus
1861 599 2020 644 fuerint

201 687 221 716 5
238 683 381 728 aquae
421 676 464 716 et
503 672 651 716 minus
690 671 781 716 vini
821 671 892 716 vel
932 671 1033 728 plus
1063 671 1154 716 vini
1195 675 1239 716 et
1268 671 1416 715 minus
1448 683 1604 728 aquae,
1646 670 1754 715 illud
1796 671 2017 728 corruptio

237 742 405 797 dicitur,
437 743 541 799 quia
571 743 679 787 illud
711 755 766 787 ex
797 754 888 799 quo
920 743 1067 786 minus
1098 742 1276 800 ponitur
1305 742 1594 799 corrumpitur
1612 754 1638 786 a
1659 742 1836 799 propria
1867 745 2019 787 natura

237 818 280 858 et
310 814 356 858 in
394 813 511 858 illius
551 814 815 858 convertitur
851 813 1103 870 qualitatem
1144 814 1189 857 in
1231 813 1354 870 quod
1395 798 1608 866 fundifun
1650 817 1698 857 ut
1735 813 1774 857 si
1814 813 1859 857 in
1899 826 2019 858 mare

235 888 403 942 guttam
433 884 525 929 vini
558 884 658 941 quis
689 884 845 928 cadere
875 884 1018 937 faciat,
1051 896 1143 929 non
1177 884 1409 942 permixtio
1439 884 1545 938 vini,
1588 884 1668 928 sed
1701 885 1923 941 corruptio
1956 884 2018 928 di-

237 959 368 1000 cetur.
390 967 434 998 ss
491 955 790 1000 Mediocres
814 967 823 977 ·
847 955 893 999 id
924 959 991 999 est
1020 955 1058 999 si
1089 960 1257 999 tantum
1278 956 1369 1000 vini
1400 955 1528 1000 fuerit
1558 958 1772 1012 quantum
1805 968 1960 1013 aquae.
1976 969 2019 998 33

185 1025 549 1083 101naequales
572 1038 582 1048 ·
605 1030 653 1070 ut
682 1038 775 1070 non
807 1026 993 1070 multum
1025 1027 1132 1071 alter
1162 1027 1343 1071 alterum
1375 1031 1565 1084 superet.
1587 1040 1630 1069 33
1750 1027 1802 1071 In
1834 1039 2020 1084 corpo·

236 1097 380 1142 ribus
402 1109 412 1119 ·
436 1097 586 1142 Omne
609 1109 770 1154 corpus
792 1098 915 1154 quod
944 1098 1066 1142 nasci
1098 1102 1245 1155 potest
1265 1102 1308 1142 et
1328 1098 1468 1155 perire
1490 1111 1543 1142 ex
1565 1102 1770 1154 quattuor
1790 1098 2019 1143 elementis

235 1169 522 1214 coniunctum
544 1173 622 1223 est,
654 1169 768 1213 sicut
797 1169 1068 1222 animalium,
1098 1170 1303 1213 arborum
1328 1171 1371 1213 et
1392 1169 1623 1213 herbarum
1646 1181 1833 1226 corpora
1852 1204 1862 1214 .
1881 1169 2019 1223 Quod

235 1252 342 1285 vero
364 1251 457 1284 non
489 1244 635 1296 potest
664 1240 754 1297 pati
776 1240 1103 1296 corruptionem
1136 1239 1367 1296 quodlibet
1398 1240 1665 1284 elementum
1698 1240 1919 1296 singulare
1940 1245 2020 1293 est,

236 1311 281 1355 id
313 1315 380 1355 est
410 1313 484 1355 aut
513 1315 624 1355 terra
654 1315 729 1355 aut
759 1323 875 1368 aqua
906 1315 981 1356 aut
1010 1311 1129 1356 aliud
1163 1311 1407 1368 quodlibet.
1429 1327 1471 1356 33
1553 1311 1606 1355 In
1638 1312 1984 1368 generatione
2009 1324 2017 1334 ·

184 1397 219 1426 15
235 1382 281 1426 id
313 1384 380 1427 est
410 1382 621 1439 quicquid
652 1383 844 1427 nascitur
873 1395 928 1426 ex
958 1382 1201 1427 elementis.
1218 1395 1267 1426 ss
1376 1382 1595 1427 Materia
1617 1394 1628 1404 ·
1649 1386 1760 1427 terra
1792 1395 1892 1427 cum
1925 1383 2021 1427 aliis

236 1453 479 1498 elementiS.
502 1470 544 1498 33
609 1453 883 1511 Susceptis
906 1466 915 1475 ·
938 1466 974 1498 S.
997 1454 1200 1498 invicem.
1223 1470 1266 1498 ss
1333 1453 1695 1508 Qualitatibus
1719 1466 1728 1476 ·
1751 1467 1786 1498 s.
1819 1454 2020 1499 substan-

234 1524 406 1569 tiarum.
427 1541 470 1569 33
574 1524 627 1568 In
658 1525 956 1569 alterutram
979 1536 990 1546 ·
1012 1525 1252 1569 materiam.
1274 1541 1316 1570 33
1420 1524 1581 1570 Nullo
1613 1525 1861 1570 materiae
1884 1538 1893 1547 ·
1917 1526 2021 1582 quia

237 1607 372 1640 omne
404 1607 566 1653 corpus
597 1596 654 1640 de
684 1596 876 1640 materiis
906 1596 1103 1640 sumitur.
1125 1612 1168 1640 33
1288 1595 1411 1641 Cum
1444 1596 1514 1640 ita
1544 1596 1644 1640 sit·
1667 1596 1712 1640 id
1744 1600 1811 1641 est
1842 1609 1943 1641 cum
1975 1597 2020 1641 in

237 1667 541 1724 corporalibus
572 1667 628 1711 sit
657 1667 849 1721 materia,
883 1667 928 1711 in
959 1667 1311 1724 incorporalibus
1342 1679 1449 1712 non.
1471 1684 1513 1712 33
1583 1667 1888 1712 Communis
1919 1677 2021 1712 ma-

182 1738 365 1783 mteria
395 1750 500 1782 non
533 1742 612 1782 est
643 1750 653 1761 ·
684 1739 798 1782 sicut
828 1739 916 1783 deo
948 1743 991 1782 et
1022 1739 1206 1783 homini.
1228 1755 1270 1783 33
1391 1738 1777 1783 commixtione
1809 1739 1987 1795 aliqua
2010 1751 2020 1761 ·

237 1809 357 1867 Ergo
395 1821 489 1854 non
521 1813 588 1854 est
618 1810 765 1854 anima
805 1810 850 1853 in
888 1810 1022 1854 deum
1053 1812 1231 1854 mutata.
1265 1826 1307 1855 33
1427 1810 1660 1864 Quorum
1704 1811 1840 1855 enirn
1885 1823 2022 1855 com-

236 1881 405 1925 munis
445 1881 589 1925 nulla
627 1881 843 1925 materia
873 1885 952 1925 est
985 1892 994 1903 ·
1026 1881 1138 1925 sicut
1169 1881 1534 1938 incorporalibus.
1556 1897 1598 1926 33
1719 1881 2022 1926 Confunde-

236 1955 411 1996 rentur
440 1964 451 1974 ·
481 1952 526 1996 id
567 1956 634 1996 est
672 1952 1036 2009 permiscerentur
1065 1956 1113 1996 ut
1142 1965 1258 2009 aqua
1289 1956 1332 1996 et
1361 1953 1526 1997 vinum.
1547 1969 1589 1997 33
1708 1953 1865 1997 Nulla
1906 1953 1987 1997 his
2010 1965 2020 1975 ·

236 2022 450 2068 divinitati
481 2026 524 2067 et
553 2023 825 2067 humanitati.
846 2039 888 2067 33
957 2023 1030 2067 Ita
1061 2023 1237 2067 aiunt·
1261 2023 1438 2067 heretici
1469 2023 1730 2068 Eutichiani.
1751 2040 1793 2068 33
1852 2024 2021 2068 Veluti

182 2104 351 2138 25cum
392 2094 491 2139 mel
531 2099 697 2151 aquae
728 2106 738 2117 ·
769 2094 898 2151 Aqua
929 2095 1048 2138 enim
1081 2107 1181 2138 cum
1213 2095 1344 2138 melle
1375 2095 1509 2139 mixta
1539 2095 1732 2139 mulsum
1764 2095 2020 2152 appellatur,

238 2166 442 2222 quamvis
472 2165 604 2210 etiam
635 2165 789 2210 vinum
827 2177 928 2209 cum
969 2165 1100 2209 melle
1139 2177 1477 2222 nonnumquam
1519 2166 1717 2210 similiter
1755 2170 1948 2210 vocetur.
1980 2181 2022 2210 33

237 2235 465 2280 Tertium
495 2236 621 2280 fecit
642 2248 652 2258 ·
675 2236 721 2280 id
752 2240 820 2280 est
849 2236 1056 2281 mulsum.
1077 2252 1120 2280 33
1240 2236 1310 2280 Ex
1341 2237 1578 2294 utrisque
1609 2237 1745 2281 enim
1778 2241 2021 2282 constare

238 2310 446 2364 potest·
469 2307 616 2363 aliqua
647 2319 716 2351 res
747 2307 805 2351 ita
837 2308 1087 2352 commixta.
1109 2323 1151 2351 33

380 2401 466 2446 Vll.
498 2401 707 2446 Restat·
730 2401 820 2446 Iam
853 2414 972 2446 nunc
992 2402 1238 2446 secundum
1269 2402 1406 2446 fidem
1429 2403 1691 2447 catholicam
1718 2403 1911 2448 dicturus
1940 2407 2019 2456 est,

184 2489 222 2518 ω
240 2473 474 2530 quomodo
508 2473 704 2517 Christus
745 2477 788 2517 et
827 2485 881 2517 ex
922 2473 1096 2517 duabus
1137 2478 1180 2517 et
1219 2474 1264 2517 in
1297 2474 1471 2518 duabus
1502 2475 1698 2518 constitit
1727 2475 1906 2527 naturis,
1939 2475 2020 2518 sci-

239 2544 341 2588 licet
384 2543 490 2588 illud
535 2544 863 2589 nobilissimum
904 2549 947 2589 et
989 2545 1330 2602 pulcherrimum
1374 2546 1627 2602 exemplum
1672 2546 1728 2590 de
1771 2545 1906 2590 anulo
1950 2546 2020 2590 vel

241 2627 407 2660 corona
446 2615 754 2672 propositurus
788 2650 798 2660 .
832 2615 949 2660 Nam
982 2623 1083 2660 cu'm
1112 2616 1271 2660 anulus
1302 2628 1356 2660 ex
1387 2628 1494 2660 auro
1534 2628 1803 2673 gemmaque
1834 2618 2020 2670 constet,

240 2699 386 2743 neque
417 2699 570 2731 aurum
602 2686 826 2730 materiam
865 2699 1072 2743 gemmae
1102 2699 1249 2744 neque
1288 2699 1469 2744 gemma
1499 2688 1590 2732 auri
1632 2690 1849 2745 permutat
1888 2690 2022 2732 mate·

239 2758 347 2802 riam
370 2792 381 2811 ‚
403 2757 483 2802 sed
511 2762 743 2814 utrumque
764 2758 809 2801 in
830 2758 899 2802 sui
921 2762 1073 2802 natura
1094 2760 1321 2815 permanet
1343 2792 1353 2803 .
1376 2758 1450 2803 Sic
1471 2770 1579 2815 ergo
1601 2771 1716 2802 unus
1737 2763 1804 2803 est
1825 2758 2022 2803 Christus

186 2843 223 2872 35
241 2839 295 2873 ex
326 2828 513 2882 duabus,
554 2828 599 2872 id
631 2832 697 2872 est
727 2840 781 2872 ex
812 2829 900 2873 deo
931 2833 975 2873 et
1005 2829 1201 2883 homine,
1240 2834 1283 2874 et
1313 2830 1358 2874 in
1390 2830 1577 2883 duabus,
1619 2830 1664 2873 id
1696 2833 1763 2874 est
1793 2830 1838 2873 in
1870 2834 2022 2873 natura

241 2899 436 2943 hominis
486 2903 530 2943 et
579 2900 624 2943 in
675 2903 827 2944 natura
873 2899 963 2953 dei,
1016 2912 1299 2957 permanens,
1351 2901 1464 2944 sicut
1515 2900 1673 2944 anulus
1733 2900 1779 2943 in
1826 2912 1932 2944 auro
1979 2902 2023 2943 et

389 3052 433 3088 18
457 3051 677 3088 sumitur.'as
724 3052 1026 3089 Communem.
1045 3063 1074 3089 s.
1092 3055 1278 3089 materiam
1299 3052 1332 3090 C
1419 3053 1462 3089 21
1492 3052 1641 3098 mutata]
1668 3052 1737 3088 mit
1760 3051 1900 3087 diesem
1919 3051 2023 3087 Wort

244 3111 404 3156 schliesst
429 3110 471 3152 C.
496 3113 572 3158 vgl.
590 3111 685 3148 oben
709 3110 748 3148 S.
765 3111 812 3148 29
900 3112 942 3148 21
972 3112 1170 3156 Quorum
1186 3133 1234 3138 —
1250 3113 1297 3150 23
1313 3112 1454 3158 vinum]
1480 3123 1555 3148 nur
1575 3113 1615 3149 in
1637 3112 1675 3150 U
1758 3111 1805 3148 30
1829 3111 2021 3158 quomodo

246 3170 327 3211 ΒΗ,
353 3170 456 3217 quod
479 3170 560 3206 MF
666 3172 834 3207 consistit
858 3170 939 3211 ΒΗ,
965 3173 1141 3207 consistat
1164 3171 1243 3207 MF
