2352 3568
375 258 431 302 44
1140 250 1179 288 a
1197 249 1238 287 ic
1256 249 1371 293 nana,

163 398 195 428 Ρ.
212 397 323 431 1⁸⁰.oe
375 387 481 433 Atti
489 390 612 444 gant
634 398 644 410 ·
667 389 909 443 apponant.
932 396 975 426 sa
1015 381 1160 437 Quae
1183 392 1194 404 ·
1218 392 1333 438 quae
1360 378 1608 424 secundum
1630 378 1923 424 substantiam
1943 378 2160 435 dicuntur,

162 908 196 939 P.
212 908 272 941 lm.
289 909 300 937 l

376 459 420 504 id
452 463 518 504 est
549 458 658 510 usia,
691 456 891 514 qualitas,
924 453 1157 511 quantitas.
1178 463 1222 494 8⁸
1288 450 1586 495 Secundum
1619 461 1721 495 rem
1745 461 1756 473 ·
1779 449 2086 497 substantiam.
2115 463 2161 496 u

375 530 521 585 Quae
553 541 563 552 ·
595 540 631 574 s.
664 525 1027 585 praedicationes.
1049 536 1093 566 aa
1213 521 1479 568 Subiectis
1512 533 1521 544 ·
1554 521 1611 567 de
1642 521 1827 567 homine
1856 520 1928 567 vel
1965 521 2163 580 qualibet

376 606 582 647 creatura.
604 612 646 641 ss
707 597 1004 643 Secundum
1038 607 1140 640 rem
1164 606 1175 617 ·
1198 593 1446 639 secundum
1478 592 1785 647 substantiam,
1818 592 1923 650 quia
1953 592 2074 639 aliud
2094 597 2165 640 eat

340 690 359 719 s
378 684 460 725 res,
493 672 537 716 id
570 676 635 716 est
666 669 922 721 substantia,
962 672 1004 712 et
1035 666 1153 712 aliud
1186 665 1394 711 accidens
1425 700 1435 710 .
1467 663 1584 710 Nam
1616 664 1881 722 magnitudo
1911 663 2073 711 accidit
2100 663 2164 711 illi

377 745 452 802 qui
485 743 640 788 dicitur
671 753 874 798 magnuS,
908 739 1068 784 iustitia
1100 739 1140 784 ei
1173 738 1248 796 qui
1283 737 1440 782 dicitur
1470 736 1625 782 iustus.
1646 749 1690 779 aa
1802 735 1926 782 Rei·
1949 746 2066 793 quae
2095 738 2164 781 est

377 816 501 867 deus,
533 814 646 858 sicut
677 811 952 869 magnitudo.
974 823 1018 853 ss

517 897 564 942 V.
593 896 665 941 De
698 894 932 940 relativis
955 905 965 917 ·
989 894 1045 939 de
1067 892 1123 939 ad
1146 892 1328 950 aliquid.
1349 904 1393 935 ss
1452 891 1750 938 Secundum
1772 901 1885 937 <se>
1903 901 1915 915 ·
1932 890 1979 936 id
2009 893 2078 937 est
2096 900 2165 936 se-

376 969 569 1014 cundum
592 968 660 1013 sui
682 966 971 1012 substantiam
991 999 1002 1011 .
1020 965 1148 1011 Pater
1167 965 1287 1010 enirn
1310 976 1403 1010 non
1425 963 1482 1009 de
1502 975 1552 1009 se
1573 963 1742 1009 dicitur.
1764 979 1807 1010 aa
1868 962 1939 1009 Ex
1958 962 2137 1010 alieno
2151 973 2163 985 ·

324 1055 357 1084 ιο
375 1053 427 1085 ex
460 1040 635 1085 alterius
665 1039 871 1085 vocabuli
904 1038 1110 1083 adventu.
1132 1053 1175 1083 σε
1264 1036 1451 1082 Album
1474 1047 1486 1060 ·
1509 1036 1675 1094 utique.
1696 1051 1739 1080 aa
1828 1034 2036 1080 Albedo
2057 1045 2069 1058 ·
2091 1032 2165 1079 Al·

374 1112 494 1157 bedo
526 1111 713 1169 qualitas
744 1115 824 1163 est,
865 1121 979 1167 quae
1011 1109 1219 1154 accidens
1250 1108 1426 1166 corpori
1457 1107 1560 1153 facit
1590 1106 1698 1152 illud
1730 1107 1896 1161 album,
1943 1118 2032 1164 qua
2062 1105 2167 1152 sub·

375 1183 461 1228 lata
502 1194 593 1227 non
634 1182 713 1227 erit
752 1181 902 1226 album
937 1215 947 1226 .
979 1180 1053 1225 Sic
1093 1191 1202 1237 ergo
1243 1192 1269 1225 a
1310 1179 1616 1236 magnitudine
1657 1190 1886 1235 magnum,
1937 1190 1963 1223 a
2003 1177 2166 1223 iustitia

376 1254 553 1307 iustum,
587 1253 644 1298 ita
676 1265 858 1310 quoque
880 1252 936 1297 ab
959 1252 1165 1297 albedine
1196 1251 1353 1296 dicitur
1382 1251 1533 1296 album
1557 1285 1567 1296 .
1591 1250 1684 1295 Etsi
1717 1250 1937 1295 subtracta
1958 1248 2167 1295 albedine

377 1330 526 1383 pereat
565 1325 730 1378 album,
773 1336 863 1369 non
904 1328 1052 1368 tamen
1095 1323 1199 1368 ideo
1241 1322 1399 1381 peribit
1430 1322 1608 1367 albedo,
1640 1338 1682 1366 sa
1802 1320 2129 1367 Vocabulum
2153 1332 2165 1344 ·

325 1410 359 1439 ιε
376 1396 651 1441 Vocabulum
693 1400 859 1440 tantum
903 1395 1025 1452 perit,
1067 1406 1160 1439 non
1201 1399 1348 1439 autem
1389 1394 1649 1447 substantia,
1698 1393 1803 1451 quia
1844 1391 2068 1450 categoria
2106 1391 2165 1438 ad

377 1467 542 1525 aliquid
574 1478 666 1511 non
699 1466 974 1524 praedicatur
1004 1466 1060 1511 de
1090 1466 1349 1519 substantia,
1382 1466 1461 1510 sed
1487 1466 1542 1510 de
1573 1465 1819 1518 vocabulis,
1853 1464 1977 1522 quod
1998 1463 2166 1522 pendet

378 1539 558 1583 alterum
603 1550 656 1583 ex
701 1538 836 1582 altero
880 1542 922 1582 et
967 1538 1170 1582 dicuntur
1209 1537 1360 1594 aliquo
1402 1537 1542 1582 modo
1586 1549 1635 1582 se
1679 1537 1843 1582 habere
1886 1540 2020 1594 atque
2062 1546 2169 1581 con·

377 1614 599 1654 vertuntur
629 1609 877 1654 adinvicem
910 1614 953 1654 et
984 1609 1090 1653 dum
1123 1609 1255 1653 unius
1286 1608 1398 1666 perit
1427 1608 1712 1662 vocabulum,
1755 1608 1867 1666 perit
1896 1611 1940 1653 et
1970 1606 2167 1662 alterium

378 1686 423 1726 ut
455 1681 664 1725 dominus
696 1693 788 1725 non
821 1681 989 1735 dicitur,
1032 1681 1115 1725 nisi
1148 1680 1204 1724 sit
1234 1692 1387 1740 servus
1419 1680 1489 1724 cui
1522 1680 1787 1734 dominetur,
1819 1690 1967 1737 neque
1997 1690 2166 1732 servm,

324 1752 462 1797 annisi
495 1753 550 1797 sit
581 1752 791 1797 dominus
824 1787 834 1797 .
866 1751 1042 1797 Albedo
1074 1763 1180 1797 vero
1213 1756 1255 1796 et
1286 1751 1436 1796 album
1479 1763 1572 1796 non
1603 1755 1706 1796 sunt
1737 1751 1795 1796 ita
1827 1750 2019 1804 relativa,
2060 1750 2166 1808 quia

378 1823 719 1868 substantialiter
750 1823 913 1868 albedo
946 1823 1104 1868 accidit
1135 1823 1254 1877 albo,
1286 1827 1329 1867 et
1361 1835 1461 1867 cum
1495 1822 1652 1867 dieitur
1681 1822 1860 1876 albed0,
1893 1833 1987 1868 non
2018 1821 2164 1867 statim

380 1894 633 1951 intelligitur
663 1894 812 1939 album
847 1929 856 1940 .
889 1894 1042 1939 Potest
1072 1894 1190 1939 enirn
1224 1895 1334 1939 haec
1365 1906 1466 1939 esse
1497 1894 1594 1939 sine
1625 1894 1713 1939 hoc
1745 1928 1755 1939 .
1788 1894 1908 1951 Ergo
1940 1905 2033 1939 non
2064 1895 2169 1939 sunt

380 1966 569 2011 relativa.
592 1983 634 2011 ss
730 1966 847 2011 Non
880 1967 1073 2012 accidit
1104 1978 1287 2011 servus
1319 1965 1535 2011 domino
1559 1978 1569 1989 ·
1592 1965 1947 2012 substantialiter.
1969 1981 2012 2011 aa
2102 1964 2169 2012 Ut

380 2037 569 2083 albedo
592 2050 602 2060 ·
625 2036 801 2083 Albedo
823 2038 892 2083 vel
925 2038 1046 2083 addit
1066 2038 1135 2083 vel
1169 2037 1325 2082 minuit
1355 2038 1506 2082 album
1516 2053 1527 2091 ;
1559 2038 1597 2082 si
1625 2038 1743 2083 enim
1776 2037 1962 2083 defuerit
1989 2037 2168 2091 albedo,

325 2120 361 2150 π
381 2121 622 2165 numquam
657 2110 735 2154 erit
765 2110 916 2155 album
949 2144 958 2154 .
991 2109 1214 2154 Dominus
1255 2114 1401 2154 autem
1443 2113 1486 2154 et
1522 2121 1675 2154 servus
1708 2109 1812 2167 quia
1851 2112 1956 2154 sunt
1991 2108 2170 2155 relativa

380 2191 525 2236 neque
557 2180 725 2225 addunt
755 2181 840 2226 sibi
872 2192 1018 2238 neque
1051 2181 1235 2225 demunt
1265 2180 1432 2238 aliquid
1464 2181 1709 2226 secundum
1743 2181 2049 2235 substantiam,
2087 2180 2169 2226 sed

379 2255 545 2296 tantum
578 2252 798 2297 vocabula
828 2252 913 2297 sibi
946 2252 1135 2297 invicem
1169 2256 1242 2296 aut
1273 2251 1458 2296 demunt
1489 2256 1563 2296 aut
1593 2251 1800 2297 tribuunt.
1823 2267 1865 2297 ss
1975 2250 2125 2307 Quae
2156 2262 2168 2276 ·

380 2326 590 2379 potestas.
612 2338 654 2367 ss
734 2322 830 2367 Per
858 2334 915 2367 se
937 2334 947 2345 ·
971 2323 1015 2367 id
1038 2327 1104 2367 est
1125 2322 1478 2368 substantialiter.
1501 2339 1543 2367 ss
1624 2322 1901 2368 Servorum
1925 2334 1936 2347 ·
1960 2322 2081 2382 Ergo
2108 2334 2172 2369 re-

380 2392 510 2438 lativa
531 2393 799 2451 praedicatio
822 2405 914 2438 non
936 2394 1183 2439 secundum
1206 2394 1497 2439 substantiam
1521 2394 1583 2440 fit.
1605 2411 1648 2439 aa
1707 2394 2007 2440 Secundum
2029 2405 2140 2442 ‹se›
2157 2406 2169 2418 ·

326 2476 364 2506 ao
382 2463 427 2508 id
459 2469 525 2509 est
553 2465 799 2510 secundum
822 2478 948 2510 suam
971 2466 1277 2511 substantiam.
1300 2482 1342 2511 ss
1403 2465 1609 2511 Addere
1632 2478 1642 2489 ·
1665 2466 1778 2511 sicut
1800 2466 1965 2512 albedo
1986 2465 2106 2512 albo.
2127 2481 2171 2513 as

380 2534 468 2580 Vel
501 2540 695 2581 mutare
718 2548 728 2559 ·
752 2537 856 2594 quia
878 2548 969 2582 non
992 2541 1181 2582 mutatur
1201 2537 1445 2582 substantia
1466 2538 1580 2583 servi
1603 2538 1647 2582 in
1674 2538 1845 2583 domini
1875 2537 2167 2584 substantiam

382 2617 528 2663 neque
559 2606 730 2652 domini
762 2608 953 2653 essentia
986 2612 1132 2665 potest
1163 2608 1316 2653 variari
1349 2609 1392 2653 in
1425 2609 1663 2653 essentiam
1695 2609 1824 2654 servi.
1846 2624 1888 2653 as
1974 2607 2123 2663 Quae
2154 2619 2166 2632 ·

382 2676 549 2723 relatio.
570 2693 613 2722 aa
723 2677 852 2723 Esse
876 2690 887 2701 ·
912 2678 956 2723 id
988 2683 1055 2724 est
1085 2679 1339 2725 subsistere.
1362 2696 1405 2725 ⁸³
1516 2679 1567 2724 In
1601 2680 2001 2738 comparatione
2023 2691 2034 2703 ·
2063 2679 2170 2726 rela-

381 2747 518 2794 tione.
539 2765 582 2795 sa
643 2748 837 2806 Aliquo
872 2750 1029 2795 modo
1062 2763 1117 2795 se
1149 2750 1341 2796 habere
1364 2762 1374 2774 ·
1399 2755 1639 2808 utcumque
1670 2763 1725 2797 ex
1756 2763 1806 2796 se
1838 2751 2028 2796 invicem
2062 2763 2169 2809 pen·

523 2878 548 2916 8
573 2878 612 2916 id
629 2883 685 2917 est
703 2879 750 2916 de
776 2880 834 2917 bis
859 2890 955 2927 quae
972 2881 1019 2917 ad
1043 2881 1183 2927 aliquid
1211 2880 1381 2917 dicuntur
1405 2880 1451 2917 Μ
1527 2880 1571 2917 10
1593 2880 1769 2917 Albedo
1794 2879 1876 2927 εἰς]
1902 2881 2008 2918 diese
2032 2880 2172 2920 olom

380 2937 529 2975 beatem
557 2938 629 2976 sidu
660 2938 700 2975 In
728 2937 763 2977 C
786 2940 861 2986 aas
888 2939 1023 2977 albedo
1058 2939 1100 2976 Z.
1127 2939 1184 2982 24,
1219 2939 1313 2975 aber
1343 2939 1405 2976 die
1429 2939 1546 2986 Folge
1581 2940 1650 2975 der
1675 2938 1839 2976 Glossen
1864 2950 1928 2976 am
1954 2939 2071 2979 Rana
2090 2949 2170 2979 von

381 2996 416 3034 Β
438 2996 583 3035 stimme
606 2997 675 3035 mit
697 2999 768 3035 der
788 2998 828 3036 ln
855 2998 961 3036 TMF
980 3000 1061 3036 und
1083 2998 1181 3036 m'td
1203 2998 1363 3035 deshalb
1387 2998 1462 3035 hiet
1493 3008 1769 3046 angenommen
1891 2999 1934 3036 15
1959 3000 2170 3053 cathegorie

382 3053 453 3094 CB
561 3056 606 3095 16
628 3058 814 3095 vocabulo
840 3057 947 3095 TMF
1060 3058 1102 3095 17
1127 3058 1254 3106 aliquo
1282 3056 1358 3098 CB.
1383 3059 1546 3105 quodam
1575 3057 1679 3094 TMF
1783 3058 1831 3096 23
1855 3059 1928 3096 das
1953 3058 2104 3097 Lemma
2127 3059 2169 3097 In

379 3112 415 3152 C
437 3113 681 3213 ‘25:3⁰⁸
805 3117 853 3155 ³4
876 3117 1045 3166 Aliquo
1079 3118 1213 3156 modo
1232 3127 1240 3136 ·
1259 3121 1456 3164 utcumque
1482 3122 1516 3155 et
1552 3119 1720 3155 invicem.
1739 3129 1776 3155 ss
1831 3118 2006 3156 Habere
2023 3118 2089 3157 ·id
2113 3122 2170 3157 eat

380 3182 456 3221 pen
