2352 3568
398 253 455 298 34
1180 241 1434 285 amand..

186 394 219 425 ¹²-
236 392 342 428 1⁸¹.21
399 383 564 442 specie,
597 380 809 439 quoniam
842 378 927 424 alia
958 381 1025 422 est
1055 375 1173 433 equi,
1206 374 1291 419 alia
1323 372 1519 419 hominis
1549 371 1726 430 species
1748 405 1759 416 .
1782 369 1990 416 Similiter
2016 381 2126 428 ergo
2145 373 2191 415 et

400 455 457 500 de
489 453 699 499 omnibus
731 450 984 496 dicendum.
1006 461 1049 490 ss
1126 446 1355 491 Numero
1388 456 1398 467 ·
1432 443 1478 489 ln
1510 454 1699 488 numero
1730 442 1921 488 duorum
1954 442 2189 488 hominum

401 537 517 571 unus
549 523 813 579 intelligitur,
846 521 950 578 quia
982 518 1209 565 binomius
1241 517 1334 561 fuit.
1356 527 1399 558 ss
1469 513 1618 561 Unus
1639 525 1650 537 ·
1673 526 1762 559 una
1792 513 2060 568 substantia;
2089 513 2193 560 lioet

401 597 457 642 sit
489 595 792 646 multivocum,
826 592 929 649 quia
964 589 1087 647 quod
1119 593 1186 633 est
1216 587 1395 632 Marcus
1427 587 1514 631 hoc
1545 584 1730 639 Tullius,
1763 586 1852 631 hoc
1882 589 1926 631 et
1957 584 2128 631 Cicero.
2147 596 2194 629 n

364 667 573 722 ⁶Quare
605 678 615 688 ·
648 678 683 710 s.
707 664 810 721 quia
843 663 959 707 idem
993 661 1131 706 tribus
1162 660 1217 704 sit
1249 658 1411 704 modis.
1434 670 1477 701 ss
1597 656 1965 703 Accidentium
1989 667 2000 680 ·
2022 654 2194 715 magni·

401 738 579 790 tudinis,
621 735 722 788 loci,
755 733 988 791 qualitatis.
1010 744 1053 774 ss
1180 729 1562 775 Accidentibus
1595 741 1606 752 ·
1642 741 1743 775 cum
1776 728 1889 774 alius
1921 727 2051 773 albus
2079 726 2194 773 alius

402 810 539 865 niger,
572 807 685 852 alius
717 817 908 862 magnus
939 804 1052 848 alius
1084 814 1259 860 parvus.
1282 813 1325 844 ss
1386 800 1575 846 Animo
1598 812 1608 824 ·
1630 800 1734 858 quia
1755 811 1944 858 corpore
1966 811 2059 845 non
2090 810 2196 858 poo-

402 891 570 924 sumuS.
593 891 636 920 ss
726 876 802 921 Ab
836 876 916 920 his
940 886 950 897 ·
973 874 1111 919 tribus
1144 872 1417 918 hominibus.
1441 884 1485 916 ss
1573 870 1766 918 Tamen
1798 872 1950 917 locus
1973 882 1984 895 ·
2014 874 2063 916 ut
2091 869 2195 917 solo

402 951 505 996 loco
538 950 855 1001 discernuntur,
889 947 964 1004 qui
997 950 1064 991 est
1095 945 1310 990 diversus.
1333 957 1376 987 ss
1458 943 1624 1000 Quem
1660 956 1670 967 ·
1706 944 1874 989 scilicet
1903 943 2054 989 locum
2086 942 2198 988 inter

352 1033 386 1061 ιο
403 1028 489 1067 tres
521 1020 741 1066 homines.
764 1031 807 1062 ss
869 1018 1093 1075 Fingere
1115 1028 1125 1039 ·
1149 1029 1185 1062 s,
1209 1017 1253 1061 in
1286 1016 1453 1063 animo.
1476 1028 1521 1059 88
1590 1014 1759 1062 Unum
1792 1015 1967 1060 locum
1990 1026 2001 1038 ·
2025 1012 2197 1061 Unum·

403 1092 618 1150 quodque
650 1102 813 1148 corpus
846 1089 1050 1147 quamvis
1083 1087 1317 1132 minimum
1349 1087 1663 1133 locumsuum
1696 1087 1830 1132 habet
1865 1120 1875 1132 .
1909 1085 2071 1144 Neque
2102 1097 2198 1131 um·

404 1176 537 1222 quam
584 1163 628 1207 in
673 1173 764 1207 uno
811 1161 915 1206 loco
958 1160 1050 1205 duo
1095 1163 1286 1217 possunt
1328 1170 1429 1204 esse
1474 1170 1674 1217 corpora.
1753 1157 1832 1203 Est
1876 1162 2026 1203 autem
2069 1155 2199 1203 locus

405 1233 751 1290 circumscriptio
784 1231 997 1290 corporis.
1019 1243 1062 1273 ss
1124 1229 1257 1285 Quis
1281 1242 1290 1252 ·
1314 1230 1455 1275 locus.
1477 1242 1521 1273 ss
1582 1229 1768 1274 Plures
1791 1241 1801 1251 ·
1828 1241 1864 1274 s,
1888 1228 1948 1273 illi
1981 1227 2084 1274 loci.
2104 1239 2150 1272 σε

191 1341 330 1375 aima
541 1327 1335 1385 ll.Ingrediamur·incohemus.ss
1365 1324 2199 1382 Unumquodque·unamquamque

354 1412 388 1442 ιε
407 1413 511 1446 rem.
534 1412 577 1443 ss
683 1398 1044 1456 Dispiciamus
1067 1410 1077 1419 ·
1101 1397 1334 1454 diligenter
1365 1397 1613 1441 intueamur
1634 1430 1644 1441 .
1669 1395 1898 1453 Dispicere
1929 1394 1975 1440 id
2006 1398 2075 1441 est
2103 1393 2199 1440 dili-

403 1476 557 1529 genter
587 1470 817 1528 inspicere,
851 1469 1079 1527 despicere
1110 1480 1216 1514 vero
1249 1470 1548 1513 contemnere.
1571 1480 1615 1510 ss
1695 1467 1910 1512 Videtur
1930 1478 1941 1490 ·
1964 1477 2001 1512 s,
2023 1478 2050 1512 a
2076 1464 2200 1512 Cice-

405 1555 512 1587 rone
530 1576 540 1587 .
559 1541 786 1587 Ciceronis
808 1541 926 1585 enim
950 1540 1084 1585 verba
1108 1542 1210 1584 sunt
1232 1538 1306 1596 (cf.
1321 1539 1444 1584 Tusc.
1460 1538 1549 1592 V7,
1569 1538 1656 1596 19),
1680 1538 1756 1596 qui
1780 1538 1888 1583 dixit
1909 1549 2202 1597 unamquam-

406 1626 493 1671 que
516 1625 606 1658 rem
629 1612 875 1657 secundum
901 1611 1024 1668 quod
1047 1613 1113 1656 est
1134 1611 1418 1656 tractandam.
1457 1610 1586 1655 Verbi
1607 1610 1760 1667 gratia,
1794 1609 1831 1654 si
1854 1608 2099 1668 corporalis
2118 1612 2200 1663 est.

406 1685 708 1743 corporaliter3
741 1684 778 1728 si
809 1683 1028 1740 spiritaliS,
1062 1682 1310 1740 spiritaliter
1341 1682 1473 1727 debet
1505 1682 1663 1726 rimari.
1787 1681 1855 1727 Ut
1889 1693 1899 1704 ·
1934 1680 2049 1726 sicut
2070 1714 2081 1726 .
2105 1678 2197 1735 Qui

351 1767 389 1797 20
407 1757 525 1802 enim
554 1757 642 1800 hoc
664 1755 779 1807 lacit,
812 1766 904 1799 non
927 1758 1050 1799 errat.
1072 1766 1116 1796 ss
1174 1753 1300 1798 Tres
1332 1753 1436 1797 sint
1467 1752 1832 1810 speculativae
1855 1763 1865 1775 ·
1891 1750 2201 1810 speculativae

409 1832 553 1886 partes
584 1830 798 1871 vocantur
829 1825 992 1882 quibus
1034 1825 1201 1882 aliquid
1243 1824 1611 1881 contemplamur,
1653 1823 1698 1868 id
1739 1828 1806 1868 est
1846 1822 2167 1880 investigamus
2189 1857 2200 1868 .

409 1898 538 1953 Quae
569 1902 655 1942 tres
687 1909 787 1941 esse
810 1896 1031 1941 dicuntur:
1072 1896 1256 1953 phisica,
1290 1894 1613 1948 mathematica,
1646 1894 1901 1951 theologica
1925 1929 1935 1939 .
1959 1893 2105 1940 Prima
2135 1898 2204 1940 αἱ

409 1970 592 2028 phisica,
635 1968 679 2012 id
721 1972 788 2012 est
827 1967 1048 2021 naturalis,
1090 1979 1205 2024 quae
1246 1971 1313 2011 est
1353 1966 1396 2011 in
1439 1970 1583 2019 motu;
1626 1978 1727 2010 nam
1762 1977 1950 2023 corpora
1990 1965 2036 2011 in
2077 1969 2203 2011 motu

409 2045 512 2085 sunt
543 2044 585 2084 et
616 2052 670 2084 ex
708 2039 886 2084 materia
919 2039 1253 2084 considerantur
1284 2073 1294 2084 .
1326 2038 1640 2083 Mathematica
1670 2049 1778 2082 vero
1818 2042 1885 2082 est
1925 2037 2023 2083 sine
2063 2041 2203 2091 motu,

357 2111 490 2156 assed
523 2123 616 2155 non
638 2114 704 2155 est
736 2111 951 2155 abstracta
973 2111 1029 2155 ab
1062 2111 1163 2168 ipso
1196 2112 1334 2163 motu,
1368 2110 1472 2167 quia
1494 2109 1699 2155 videlicet
1720 2120 1944 2163 numerus,
1975 2107 2078 2154 licet
2106 2108 2205 2155 sine

411 2194 598 2240 corpore
629 2181 698 2235 sit,
731 2181 775 2225 in
808 2181 1114 2239 corporalibus
1145 2183 1293 2226 tamen
1326 2180 1727 2238 comprehenditur.
1790 2178 2068 2238 Theologica
2097 2191 2206 2226 vero

412 2258 455 2298 et
485 2253 583 2298 sine
614 2257 738 2298 motu
772 2257 838 2297 est
869 2257 911 2297 et
943 2253 1159 2297 abstracta
1191 2265 1216 2297 a
1249 2257 1387 2297 motu.
1410 2265 1453 2295 ss
1545 2251 1597 2296 ln
1630 2255 1771 2296 motu
1795 2263 1806 2274 ·
1830 2263 1865 2296 s.
1889 2255 1968 2297 est.
1990 2263 2035 2294 σε
2124 2250 2208 2297 ln·

413 2324 707 2370 abstracta·
733 2325 789 2369 ab
822 2324 923 2382 ipso
956 2329 1094 2369 motu.
1124 2336 1168 2367 ss
1279 2333 1643 2370 ΑῐτεΞΑιΡετοε
1675 2335 1686 2346 ·
1709 2323 1753 2368 id
1786 2327 1853 2368 est
1884 2321 2207 2382 inseparabilis,

412 2395 579 2441 scilicet
609 2396 666 2440 ab
698 2396 799 2454 ipso
822 2401 960 2441 motu.
982 2408 1026 2439 ss
1087 2396 1401 2441 Considerat
1423 2408 1433 2419 ·
1456 2395 1624 2440 scilicet
1655 2395 1840 2453 phisica.
1862 2410 1905 2440 ³⁸
1965 2393 2206 2440 Formas·

359 2467 590 2524 aospecies
627 2501 636 2511 .
674 2466 786 2512 Inter
815 2467 1003 2512 formam
1036 2472 1079 2512 et
1110 2468 1335 2513 materiam
1378 2468 1466 2512 hoc
1498 2468 1689 2521 interest,
1731 2466 1856 2524 quod
1888 2466 2031 2512 forma
2060 2465 2210 2512 unius-

416 2538 631 2594 cuiusque
673 2538 875 2582 animalis
917 2538 1091 2595 effigies
1133 2539 1301 2592 dicitur,
1344 2539 1524 2583 materia
1555 2550 1662 2583 vero
1703 2542 1807 2583 sunt
1846 2538 1944 2596 ipsa
1975 2536 2209 2591 elementa,

417 2612 463 2653 ut
484 2611 551 2653 est
580 2613 703 2662 terra,
736 2621 822 2662 aer,
855 2610 972 2666 ignis
994 2614 1036 2655 et
1068 2622 1217 2667 aqua.
1242 2610 1319 2655 Est
1350 2614 1497 2655 autem
1530 2610 1672 2655 forma
1703 2614 1794 2654 tota
1827 2608 1991 2654 fabrica
2021 2607 2210 2655 alicuius

417 2679 617 2737 corporis
648 2691 748 2724 cum
781 2681 974 2726 materia.
1018 2680 1165 2735 Quae
1188 2693 1197 2704 ·
1221 2694 1256 2726 s.
1279 2681 1468 2735 formae;
1501 2681 1602 2726 licet
1632 2679 1875 2738 cogitando
1907 2679 2097 2738 possint,
2128 2678 2210 2725 sed

418 2754 531 2804 actu,
563 2750 609 2795 id
630 2754 697 2795 est
718 2762 867 2808 opere,
900 2763 1006 2805 non,
1040 2752 1143 2809 quia
1176 2752 1344 2797 nullum
1379 2764 1542 2810 corpus
1572 2753 1670 2797 sine
1701 2751 1857 2797 forma.
1878 2763 1923 2795 8⁸
1982 2749 2035 2797 ln
2067 2755 2211 2797 motu

363 2833 400 2864 κ
418 2826 538 2867 sunt
559 2833 569 2844 ·
593 2824 773 2880 propter
803 2823 1027 2868 materiam
1051 2835 1104 2868 ex
1137 2836 1224 2881 qua
1247 2828 1469 2869 constant:
1503 2824 1623 2869 unde
1644 2828 1687 2869 et
1708 2822 1861 2868 omnia
1882 2833 1998 2880 quae
2030 2821 2212 2880 pondus

420 2892 584 2938 habent
616 2892 840 2948 deorsum,
882 2893 995 2939 levia
1027 2906 1132 2939 vero
1165 2907 1338 2940 sursum
1373 2895 1579 2948 feruntur,
1622 2893 1848 2939 redeuntia
1888 2893 1944 2939 ad
1987 2892 2211 2952 propriam

568 3043 611 3082 18
636 3046 840 3084 secundum
859 3066 905 3073 —
927 3046 970 3084 19
987 3049 1106 3085 rimari
1132 3046 1279 3089 BTMF,
1306 3058 1378 3086 om.
1399 3047 1433 3086 C
1551 3048 1598 3086 24
1624 3049 1877 3085 mathematica
1894 3068 1941 3074 —
1958 3050 2061 3085 motu
2085 3055 2160 3086 out.
2178 3044 2214 3085 C

422 3101 471 3140 28
494 3105 711 3151 corporibus
739 3103 773 3143 C
877 3106 924 3144 28
951 3111 1293 3149 ΑΠΕΖΑΙΡΙΤΟΕ
1322 3108 1352 3145 C
1458 3108 1506 3146 30
1531 3108 1624 3146 lnter
1647 3108 1802 3145 tonnam
1820 3127 1865 3134 —
1882 3106 1931 3145 33
1955 3116 2039 3145 mm
2064 3106 2214 3145 materh

422 3170 496 3199 om.
516 3161 654 3199 ΤΜΡΡ
732 3163 782 3202 36
806 3166 995 3203 redeuntia
1019 3186 1066 3193 —
1091 3166 1130 3205 S.
1147 3166 1206 3211 35,
1228 3168 1240 3204 l
1272 3170 1458 3205 materiam
1485 3177 1557 3206 om.
1579 3166 1613 3205 C
