2352 3568
919 252 1107 290 Johannes
1131 251 1292 290 Scottus.
1944 254 2001 298 47

41 392 172 441 ¹⁸³⁹
223 388 351 429 nator
379 383 488 429 doni
518 383 588 428 sui
619 388 730 429 est.
764 383 812 428 In
843 383 1006 441 quibus
1036 383 1295 428 nominibus
1326 383 1589 428 circumferri
1630 388 1778 440 potest
1806 384 2000 428 vicissim

11 446 58 478 Γ
221 455 446 500 relationis
476 455 641 512 regula,
673 459 721 500 ut
750 455 951 500 dicamus
983 454 1172 500 donator
1201 454 1310 499 doni
1341 458 1385 499 et
1415 454 1585 500 donum
1617 454 1859 508 donatoris,
1898 455 2003 511 quia

221 526 267 571 in
298 526 367 571 his
398 526 657 571 nominibus
696 526 841 583 potuit
878 526 1063 571 inveniri
1094 526 1250 570 usitata
1288 525 1391 570 huic
1422 526 1670 583 categoriae
1702 538 1816 583 quae
1848 526 2005 570 dicitur

222 597 277 642 ad
310 597 478 654 aliquid
510 596 780 642 circumlatio
811 600 855 640 et
884 596 1188 654 reciprocatio.
1208 612 1251 641 ss
1370 596 1488 641 Non
1532 601 1710 654 potest
1741 609 1751 619 ·
1783 597 1828 640 id
1860 601 1927 640 est
1958 602 2004 640 ut
2034 616 2035 619 ¹

185 684 205 714 s
222 669 464 726 aequalitas
494 668 551 712 sit
581 668 626 712 in
657 667 882 712 relatione.
903 684 946 712 33
1004 667 1253 712 Alteritas
1275 680 1286 690 ·
1309 667 1510 722 dualitas,
1542 668 1647 724 quia
1678 680 1771 712 non
1792 672 2003 712 suntuna

220 739 479 784 substantia.
499 755 542 784 33
611 738 995 795 Imaginatione
1017 750 1027 760 ·
1051 751 1152 783 cum
1184 738 1241 783 de
1272 739 1360 783 deo
1391 738 1628 796 loquimur,
1660 751 1753 783 non
1785 739 2003 783 debemus

222 823 302 868 per
329 810 547 867 quasdam
578 810 919 866 imaginationes
950 809 1143 855 distrahi.
1165 826 1207 854 33
1281 809 1512 867 Aggredi
1535 822 1545 832 ·
1568 810 1613 854 id
1645 814 1712 854 est
1742 810 1940 867 experiri.
1962 825 2004 854 33

221 881 371 926 Nunc
392 892 403 903 ·
425 881 646 938 epilogus,
669 897 712 926 33
820 880 1065 925 Normam
1089 893 1099 903 ·
1122 893 1323 926 examen.
1345 897 1387 926 ss
1506 881 1794 925 Discussa·
1817 881 2005 925 breviter

8 995 11 1010 s
46 1012 48 1014 Ι
220 956 414 998 ostensa.
435 968 478 997 33
528 952 731 997 Statuat
753 964 763 974 ·
785 952 966 997 sanciat.
988 968 1030 996 33
1070 951 1400 997 Sententiae·
1422 965 1459 997 s.
1482 956 1671 997 nostrae.
1693 968 1736 997 33
1775 951 2001 1009 Sponte·

5 1070 10 1079 Δ
122 1048 125 1049 ⁷
169 1040 206 1070 lo
221 1023 267 1068 id
298 1028 384 1068 est:
416 1035 495 1081 per
522 1035 574 1068 se
604 1023 736 1067 etiam
767 1023 1020 1068 firmissima
1057 1028 1136 1077 est,
1176 1023 1278 1067 licet
1306 1036 1590 1081 nequaquam
1631 1024 1900 1080 argumentis
1931 1023 2005 1067 ad-

221 1095 370 1140 hibitis
413 1094 635 1139 fulciretur
667 1129 677 1139 .
712 1094 767 1138 Et
805 1094 921 1138 bene
964 1094 1069 1138 dicit
1114 1093 1318 1151 ‘sponte’,
1357 1094 1403 1138 id
1446 1099 1531 1138 est:
1575 1094 1747 1138 etiamsi
1789 1094 1903 1138 desit
1945 1094 2005 1137 af-

220 1165 425 1210 firmatio.
445 1182 488 1211 33
560 1165 687 1210 llluc
709 1177 720 1187 ·
742 1165 788 1209 id
819 1169 887 1209 est
916 1166 973 1209 ad
1004 1165 1232 1209 scientiam
1264 1165 1335 1210 vel
1366 1165 1423 1209 ad
1455 1165 1589 1209 deum
1612 1200 1623 1210 .
1645 1165 1751 1209 Non
1783 1165 1909 1209 enim‘
1933 1177 2005 1209 ex-

220 1237 354 1282 terius
385 1237 574 1294 requirit,
614 1237 694 1281 sed
725 1237 839 1281 sicut
878 1237 1081 1281 materies
1122 1240 1189 1280 est
1227 1236 1446 1293 spiritalis,
1489 1237 1547 1280 ita
1587 1236 1718 1280 etiarn
1758 1248 2005 1280 remunera-

219 1308 388 1352 tionem
419 1308 658 1365 spiritalem
690 1312 870 1365 exoptat
889 1312 932 1352 et
952 1308 1144 1352 laudem.
1166 1324 1208 1352 33
1258 1307 1414 1362 Quod
1437 1319 1447 1330 ·
1470 1308 1516 1351 id
1547 1312 1636 1352 est:
1668 1308 1706 1351 si
1738 1319 1831 1352 non
1863 1308 2006 1364 potuit

169 1394 205 1424 ιε
221 1379 371 1423 videre
416 1379 463 1423 id
503 1379 627 1436 quod
666 1391 848 1424 omnem
894 1383 1073 1435 superat
1111 1379 1379 1423 intellectum
1418 1413 1428 1424 .
1465 1379 1594 1423 Vota
1634 1378 1962 1436 supplebunt
1994 1391 2003 1400 ·

221 1450 436 1495 iuvabunt
463 1450 661 1495 voluisse
683 1485 693 1495 .
715 1450 832 1495 Nam
864 1450 1028 1495 sufficit
1057 1450 1179 1494 bona
1209 1449 1429 1503 voluntas,
1462 1462 1578 1506 quae
1609 1461 1690 1506 pro
1723 1461 1859 1506 opere
1890 1450 2006 1494 solet

221 1521 439 1578 imputari.

4 1725 17 1754 Ε
51 1742 139 1777 m
149 1743 163 1772 ι
453 1673 662 1718 INCIPIT
692 1673 958 1719 EIUSDEM
989 1673 1071 1718 AD
1104 1673 1392 1719 SANCTUM
1423 1672 1763 1718 IOHANNEM.

9 1826 13 1829 .
68 1790 200 1820 nus
365 1769 585 1813 Iohannes
628 1769 710 1813 iste
753 1772 910 1825 postea
949 1781 1067 1825 papa
1106 1769 1198 1822 fuit,
1243 1773 1290 1812 ut
1331 1769 1487 1813 beatus
1531 1768 1773 1824 Gregorius
1816 1769 1861 1812 in
1905 1768 2006 1813 Dia·

1 1853 13 1905 ἐξ
46 1839 78 1893 j*
169 1840 428 1898 mlogorum
472 1839 593 1884 libris
634 1844 967 1892 commemorat,
1012 1840 1088 1896 qui
1132 1840 1262 1884 etiam
1307 1852 1408 1884 cum
1450 1839 1708 1884 Simmacho
1752 1840 1935 1896 patricio
1979 1852 2004 1884 a

2 1913 15 1985 ξ
50 1936 68 1950 2
220 1910 498 1956 Theoderico
529 1911 779 1955 interiectus
810 1914 917 1955 est.
949 1910 1082 1956 Unde
1114 1915 1157 1955 et
1186 1911 1284 1968 ipse
1314 1910 1615 1955 Theodericus
1646 1915 1751 1967 post
1780 1911 1895 1955 vitae
1926 1915 2005 1955 ter-

4 1986 18 2055 ξ
62 1977 70 2000 “’
138 2025 142 2027 ,
222 1982 406 2036 minum,
448 1986 496 2026 ut
525 1981 707 2038 quidam
739 1982 950 2026 heremita
989 1982 1082 2026 suis
1122 1982 1263 2038 ipsius
1303 1982 1457 2026 aulicis
1497 1982 1700 2035 innotuit,
1742 1982 1905 2026 missus
1937 1987 2004 2026 est

222 2053 333 2098 inter
370 2053 613 2097 Iohannem
652 2065 817 2110 papam
858 2056 901 2097 et
940 2052 1243 2097 Simmachum
1290 2053 1518 2109 patricium
1560 2053 1606 2096 in
1646 2053 1781 2096 ollam
1822 2053 2004 2097 Vulcani

223 2123 320 2182 (cfr.
346 2123 478 2181 Greg.
500 2122 626 2168 Dial.
649 2123 714 2177 IV,
736 2123 826 2180 30).
848 2140 890 2168 33
1022 2123 1154 2168 Diae
1176 2135 1186 2146 ·
1215 2124 1317 2168 Hoc
1347 2136 1514 2168 nornen
1546 2123 1669 2180 quod
1701 2127 1768 2167 est
1788 2123 2005 2168 diaconus

169 2211 206 2241 25
223 2195 470 2239 secundum
502 2195 723 2251 quosdam
756 2206 885 2239 casus
916 2195 1154 2247 secundae,
1186 2194 1432 2238 secundum
1465 2194 1686 2250 quosdam
1717 2206 1824 2238 vero
1853 2195 2004 2239 tertiae

224 2265 532 2310 declinationis
553 2265 783 2318 invenitur,
814 2265 1061 2309 secundum
1084 2265 1305 2321 quosdam
1328 2265 1459 2309 etiam
1482 2265 1721 2321 utriusque.
1743 2281 1786 2309 33
1836 2265 1979 2309 Viam
1994 2277 2004 2287 ·

223 2336 452 2380 rationem.
473 2351 515 2380 33
574 2335 845 2392 Indaginis
868 2347 878 2358 ·
901 2336 1212 2392 inquisitionis
1234 2352 1276 2380 33
1337 2336 1656 2392 Interrogem
1675 2347 1685 2358 ·
1708 2348 1743 2380 s.
1760 2336 2003 2392 quemlibet

225 2406 504 2451 catholicum.
526 2422 568 2451 33
687 2406 1056 2463 Respondetur
1077 2419 1086 2428 ·
1109 2419 1145 2451 s.
1169 2419 1194 2451 a
1226 2406 1467 2450 catholicis.
1489 2422 1532 2450 33
1639 2406 1758 2451 Non
1790 2406 1968 2463 plures
1996 2419 2004 2428 ·

225 2477 466 2522 Sciendum
487 2489 608 2530 vero,
641 2477 744 2534 quia
771 2478 859 2522 hoc
879 2478 1125 2522 secundum
1149 2477 1377 2522 Romanos
1400 2477 1564 2521 dictum
1586 2481 1653 2521 est
1675 2511 1685 2522 .
1707 2477 1823 2521 Nam
1847 2477 2005 2522 Graeci

170 2564 209 2595 ao
223 2553 311 2593 tres
340 2549 609 2593 substantias
640 2553 683 2592 et
713 2561 847 2593 unam
879 2549 1116 2593 essentiam
1150 2549 1221 2592 dei
1243 2561 1342 2593 esse
1375 2548 1538 2601 dicunt,
1571 2552 1614 2592 et
1635 2549 1838 2604 quamvis
1859 2549 2005 2592 verbis

225 2620 485 2664 dissentiant
514 2632 540 2664 a
566 2619 742 2673 LatiniS‚
782 2620 938 2664 eadem
968 2624 1117 2664 tamen
1147 2620 1261 2664 fides
1293 2623 1359 2664 est
1389 2620 1597 2676 utrisque,
1630 2620 1735 2676 quia
1766 2619 1889 2676 quod
1921 2632 2005 2664 nos

225 2702 477 2748 personam,
518 2691 579 2734 illi
617 2691 904 2735 substantiam
946 2695 1109 2735 vocant
1143 2725 1153 2735 .
1187 2691 1261 2735 Sic
1292 2703 1399 2747 ergo
1432 2703 1517 2735 nos
1555 2695 1642 2735 tres
1684 2691 1872 2735 dicimus
1912 2703 2007 2747 per-

370 2867 393 2904 2
418 2871 458 2904 ut
481 2878 565 2904 cum
592 2867 696 2904 TMF
826 2867 851 2905 5
875 2868 1063 2914 relatione]
1090 2868 1270 2915 religione
1296 2866 1330 2904 C
1457 2867 1479 2903 7
1505 2867 1679 2913 expedire
1705 2865 1739 2903 C
1869 2867 1906 2901 11
1935 2866 2004 2901 ful-

229 2927 341 2962 ciatur
357 2926 462 2962 TMF
520 2927 575 2963 12.
595 2927 639 2963 13
655 2927 827 2973 exterius]
845 2937 891 2963 ex
906 2931 943 2963 te
961 2926 995 2964 C
1055 2927 1100 2964 15
1115 2928 1252 2963 lemma
1269 2937 1341 2963 om.
1363 2925 1396 2963 C
1457 2926 1501 2962 18
1525 2925 1751 2962 EXPLICIT·
1764 2924 1932 2961 INCIPIT
1948 2925 2007 2961 bis

228 2983 491 3021 IOHANNEM
523 2984 566 3026 C,
605 2985 811 3022 EXPLICIT
850 2986 982 3022 LIBER
1020 2985 1198 3023 PRIMUS
1237 2985 1404 3021 INCIPIT
1434 2983 1647 3021 EIUSDEM
1676 2982 1830 3019 BOETII
1861 2983 1900 3019 ΙΙ.
1936 2983 2004 3019 ΑΙ)

228 3042 460 3080 SANCTUM
483 3043 746 3080 IOHANNEM
769 3044 1027 3081 DIACONEM
1042 3045 1083 3085 F,
1108 3045 1275 3080 ahnlidte
1293 3040 1567 3088 Ubersdmfften
1592 3042 1771 3087 (ΒΟΕΤΠ,
1797 3042 1891 3078 aber
1912 3043 2008 3078 nidrt

229 3101 361 3139 LIBER
385 3102 552 3148 Iundll)
577 3104 616 3138 in
640 3102 709 3138 ΕΡ
799 3103 846 3140 23
870 3103 944 3139 olla
971 3102 1037 3139 CB
1119 3104 1166 3140 24
1191 3103 1313 3139 Diae.
1340 3106 1406 3139 etc.
1425 3113 1500 3138 nur
1520 3102 1561 3138 in
1587 3100 1638 3142 C,-
1663 3102 1736 3137 das
1763 3101 1867 3137 Wort
1890 3102 2009 3137 stand

190 3191 195 3194 .
227 3161 438 3206 meisellos
459 3161 500 3197 in
524 3162 594 3197 der
618 3157 846 3207 Ubersdm‘st
868 3163 936 3198 des
959 3161 1190 3208 Armetypon
1214 3171 1292 3198 von
1319 3160 1353 3198 C
1446 3161 1493 3197 25
1517 3160 1620 3206 vero]
1644 3170 1735 3196 vero
1760 3170 1783 3205 Q
1810 3158 1843 3196 C
