2352 3568
379 224 437 270 70
1147 219 1378 264 arcana.

168 366 324 400 mous
378 356 436 401 de
467 356 593 401 caelo
634 355 789 400 dicitur
827 353 1114 398 descendisse
1154 352 1198 396 in
1231 355 1400 396 uterum
1432 349 1629 407 virginis,
1670 361 1772 395 cum
1810 349 1936 396 solus
1966 350 2079 397 deus
2117 351 2164 398 in

378 427 500 473 illum
522 426 811 478 descenderit,
835 436 925 470 non
943 429 1091 469 tamen
1109 422 1318 475 localiter,
1340 421 1420 467 sed
1438 420 1757 479 potentialiter.
1773 420 1959 479 Propter
1971 422 2162 469 eandem

378 499 508 544 etiam
541 498 718 543 unitatis
749 508 985 554 personam
1010 495 1121 540 deus
1153 495 1196 539 in
1228 493 1350 539 terris
1382 492 1647 551 loquebatur
1666 491 1886 551 apostolis
1915 493 2165 541 secundum

378 570 692 615 humanitatem
733 573 776 613 et
815 567 858 612 in
900 567 1025 612 caelo
1066 578 1166 611 esse
1210 565 1438 610 dicebatur
1476 564 1534 610 ita
1577 563 1687 622 (ΙοΙι.
1708 563 1872 621 3,13):
1920 563 2054 611 ‘filius
2082 565 2163 612 ho-

341 641 511 686 sminis
554 640 629 698 qui
674 642 740 684 est
784 638 827 683 in
872 637 1090 683 caelo'.as
1211 635 1311 682 Sed
1354 635 1784 681 dicat·Nestorius
1816 635 1886 681 vel
1927 635 2168 695 aliquisne

379 711 479 757 Sed
512 712 572 756 ad
607 710 886 767 imaginem
911 722 920 732 ·
944 721 1023 767 per
1051 708 1250 766 gratiam.
1273 724 1315 753 aa
1386 707 1535 753 Veri·
1559 712 1602 752 et
1631 718 1748 753 vere.
1771 723 1814 752 ⁸⁸
1885 706 1939 753 ln
1971 707 2106 755 hoc·
2126 720 2165 755 ε.

379 783 423 827 in
455 782 642 828 Christo.
673 797 715 825 sa
834 780 1073 825 Adunata
1106 791 1115 802 ·
1147 792 1183 824 s.
1214 779 1462 824 secundum
1504 778 1774 825 Nestorium.
1805 794 1848 825 aa
1970 778 2041 825 Ex
2081 778 2167 827 dei

378 858 534 911 atque
567 852 795 899 hominis
819 864 828 874 ·
852 865 888 897 s.
910 852 947 896 si
981 863 1072 896 non
1105 856 1172 896 est
1203 851 1274 896 dei
1307 855 1350 896 et
1381 851 1577 896 hominis
1609 862 1814 909 persona.
1837 867 1880 896 aa
1969 850 2168 910 Appel-

378 925 467 970 lati
508 930 627 969 sunt
668 923 858 969 Christi
883 935 892 946 ·
915 923 1043 968 Multi
1078 922 1287 981 appellati
1321 924 1424 968 sunt
1458 922 1615 968 Christi
1650 922 1726 980 qui
1760 934 1912 968 verum
1942 922 2164 970 Christum

326 1010 359 1039 ιο
377 996 564 1041 vocibus
594 995 664 1040 vel
696 995 849 1052 figuris
882 994 1213 1053 praedicabant:
1262 994 1464 1048 vocibus,
1497 994 1611 1039 sicut
1640 995 1899 1053 prophetae,
1938 994 2014 1053 qui
2046 993 2167 1041 Chri·

377 1072 491 1112 stum
533 1066 852 1112 adnuntiabant
891 1066 1101 1119 futurum;
1154 1065 1327 1123 figuris,
1374 1066 1488 1111 sicut
1520 1077 1656 1126 *reges
1696 1071 1739 1111 et
1777 1065 2046 1120 sacerdotes,
2087 1065 2165 1124 qui

378 1139 482 1184 oleo
513 1138 675 1184 visibili
707 1138 986 1195 ungebantur
1007 1171 1017 1183 .
1041 1136 1094 1182 Et
1124 1149 1276 1182 verum
1309 1137 1499 1183 chrisma
1531 1141 1575 1183 et
1604 1137 1798 1196 spiritale
1838 1136 2166 1195 significabant,

378 1222 470 1268 quo
490 1222 642 1255 verum
665 1209 884 1255 Christum
917 1209 1029 1254 deus
1061 1209 1183 1254 unxit
1214 1220 1318 1267 prae
1350 1208 1637 1268 participibus
1668 1209 1775 1254 suis.
1798 1225 1841 1253 ss
1913 1208 2164 1255 Prorsus·

378 1293 470 1327 non
502 1281 648 1326 solum
681 1281 912 1334 disiuncta,
944 1280 1024 1325 sed
1058 1292 1238 1338 prorsus
1269 1280 1500 1326 disiuncta.
1524 1297 1566 1325 ss
1679 1279 1935 1326 Homines
1966 1280 2167 1339 quippe

327 1366 361 1395 rs
379 1365 437 1398 ac
467 1354 665 1398 boves·
690 1353 842 1397 Homo
874 1357 917 1397 et
947 1352 1033 1397 bos
1065 1353 1109 1396 in
1140 1364 1305 1409 genere
1337 1352 1679 1409 coniunguntur,
1713 1351 1838 1410 quod
1869 1356 1937 1398 est
1967 1351 2132 1398 animal
2153 1385 2165 1399 .

379 1424 502 1470 Deus
523 1436 629 1469 vero
651 1428 694 1469 et
725 1424 863 1469 homo
886 1435 969 1468 nec
988 1434 1153 1480 genere
1185 1435 1268 1468 nec
1298 1423 1449 1481 specie
1481 1423 1734 1480 iunguntur,
1762 1424 1915 1469 sinon
1946 1434 2166 1482 persona.

380 1495 498 1553 Ergo
530 1496 674 1553 magis
705 1495 910 1540 differunt
941 1495 1052 1539 deus
1074 1496 1117 1539 et
1148 1495 1288 1540 homo
1319 1495 1566 1540 secundum
1589 1494 1846 1541 Nestorium
1868 1507 2004 1553 quam
2025 1495 2167 1543 homo

379 1572 421 1612 et
438 1567 537 1612 bos.
552 1584 593 1611 ss
654 1566 1039 1612 Communitate
1054 1579 1063 1588 ·
1079 1566 1164 1611 sub
1186 1579 1243 1611 eo
1265 1567 1448 1612 nomine
1469 1566 1679 1624 generali,
1701 1567 1824 1624 quod
1847 1571 1915 1613 est
1934 1566 2170 1614 animaLu

380 1638 715 1684 Collectione
738 1650 748 1660 ·
772 1638 816 1683 in
847 1650 1025 1695 genere.
1047 1654 1090 1683 ss
1164 1637 1283 1683 Non
1315 1642 1394 1683 est
1425 1638 1586 1695 igitur
1615 1638 1872 1683 salvatum
1904 1650 2074 1696 genus
2095 1649 2166 1685 ἐ,

325 1710 415 1754 mosi
456 1710 575 1755 nulla
615 1714 682 1755 est
712 1709 968 1755 coniunctio
1000 1710 1072 1754 dei
1104 1714 1147 1754 et
1186 1710 1394 1755 hominis.
1417 1726 1459 1754 ss
1579 1709 1737 1766 Nulla
1784 1710 1835 1754 in
1882 1721 1980 1755 nos
2021 1709 2168 1756 salus

380 1781 570 1827 Christi
595 1793 604 1804 ·
628 1780 883 1826 Secundum
906 1781 1036 1825 huius
1058 1780 1370 1838 disputationis
1391 1781 1699 1826 necessitatem
1717 1785 1990 1827 evanescunt
2009 1786 2167 1828 cuncta

379 1864 495 1910 quae
526 1852 745 1897 credimus
777 1854 957 1910 operata
988 1864 1088 1897 esse
1120 1852 1164 1896 in
1197 1852 1331 1897 nobis
1362 1864 1441 1910 per
1461 1851 1699 1897 Christum.
1721 1868 1763 1897 ss
1823 1852 2167 1900 Provenisse·

379 1923 564 1968 salutem
598 1924 781 1968 mundo,
804 1940 846 1967 ss
966 1922 1177 1968 Salvum
1210 1923 1334 1968 fecit
1366 1935 1376 1946 ·
1409 1935 1542 1981 quam
1577 1935 1683 1969 vero
1716 1936 1808 1969 non
1840 1925 2094 1983 assumpsit.
2125 1941 2170 1972 aa

380 1994 545 2050 Quem
570 2007 579 2017 ·
604 2007 695 2040 non
718 1995 916 2040 salvavit.
939 2011 981 2039 ss
1041 1994 1374 2052 perfringere
1397 2007 1406 2017 ·
1429 1995 1559 2040 valde
1583 1995 1796 2052 frangere.
1820 2012 1863 2041 aa
1923 1995 2170 2043 Libasse·

325 2078 361 2108 κ
380 2066 533 2111 Libare
555 2070 621 2111 est
642 2078 795 2124 parum
828 2078 1003 2111 sumere
1026 2101 1036 2111 .
1060 2066 1177 2111 Dicit
1208 2078 1336 2123 ergo:
1370 2067 1575 2124 quamvis
1606 2066 1779 2112 diversa
1801 2071 1844 2112 et
1864 2066 2035 2113 infinita
2066 2067 2170 2123 sint,

378 2142 635 2195 argumenta
666 2138 829 2195 quibus
860 2137 1094 2183 Nestorius
1126 2138 1425 2191 convincatur,
1458 2150 1510 2183 ea
1550 2142 1712 2191 tamen,
1746 2150 1861 2196 quae
1882 2142 1986 2184 sunt
2012 2138 2169 2198 paucis

378 2208 506 2263 dicta,
538 2209 772 2254 sufficiant.
793 2225 836 2254 ss

166 2298 301 2333 mum
520 2279 568 2325 V.
610 2279 865 2325 Eutichen
898 2292 908 2303 ·
941 2280 1148 2326 Eutiches
1179 2280 1372 2326 Nestorii
1414 2281 1668 2327 adversatur
1704 2282 1836 2327 errori
1868 2281 2043 2328 dicens:
2083 2293 2169 2328 nec

379 2355 575 2396 naturam
609 2351 652 2396 in
685 2351 859 2397 Christo
900 2352 1123 2410 duplicem
1157 2352 1218 2410 (et
1248 2353 1487 2410 mentiens)
1528 2365 1612 2399 nec
1651 2365 1890 2411 personam
1922 2353 1985 2412 (et
2013 2365 2166 2400 verum

323 2434 362 2465 ao
378 2422 599 2480 asserens)
622 2457 632 2468 .
656 2422 771 2468 Nam
794 2422 1027 2469 Nestorius
1049 2428 1228 2469 econtra
1259 2424 1371 2469 duas
1403 2429 1580 2470 naturas
1602 2425 1718 2470 bene
1740 2429 1784 2470 et
1805 2425 1918 2471 duas
1949 2436 2167 2484 personas

378 2493 494 2538 male
515 2494 712 2540 asseruit.
734 2511 775 2539 ss
835 2494 875 2539 Α
895 2499 1124 2540 veterum
1158 2495 1346 2541 orbitis
1369 2507 1379 2518 ·
1402 2508 1428 2541 a
1449 2496 1618 2541 tramite
1638 2501 1835 2542 veterum
1859 2497 2107 2543 doctorum.
2124 2512 2167 2543 u

378 2563 644 2622 Evagatus
666 2577 676 2588 ·
699 2566 959 2611 oberrasset.
981 2582 1024 2611 sa
1085 2566 1136 2612 ln
1170 2568 1486 2612 contrarium
1506 2579 1516 2590 ·
1534 2580 1570 2613 s.
1597 2567 1822 2614 Nestorio.
1844 2584 1887 2613 aa
1936 2567 2165 2615 Abesse·

379 2634 425 2680 id
456 2639 523 2680 est
552 2635 690 2693 longe
720 2648 834 2682 esse.
855 2653 898 2681 ss
1003 2637 1278 2695 Duplicem
1303 2650 1313 2661 ·
1337 2639 1381 2683 in
1414 2650 1507 2696 quo
1539 2638 1699 2684 falsum
1733 2643 1799 2684 est
1830 2643 2102 2696 persecutus.
2123 2654 2167 2685 u

379 2704 573 2752 Natura
604 2706 827 2753 humana
850 2719 859 2730 ·
882 2720 918 2753 s.
941 2708 1158 2754 transfusa
1189 2709 1245 2754 sit
1275 2709 1321 2754 in
1353 2709 1643 2755 divinitatem.
1666 2726 1708 2755 aa
1795 2709 2042 2756 Naturam
2074 2710 2166 2756 du·

323 2790 361 2821 aa
379 2776 569 2835 plicem
591 2789 602 2801 ·
624 2777 858 2824 Nestorius
888 2783 1067 2837 propter
1097 2780 1209 2825 duas
1240 2784 1416 2826 naturas
1448 2793 1560 2838 quas
1591 2781 1745 2826 asserit
1776 2793 1877 2827 esse
1908 2781 1952 2826 in
1974 2780 2167 2837 Christo,

380 2846 493 2894 duas
513 2860 696 2907 quoque
716 2849 809 2895 vult
840 2849 900 2895 ibi
932 2862 1032 2896 esse
1055 2863 1291 2909 personas;
1324 2851 1532 2897 Eutiches
1553 2857 1745 2906 econtra,
1779 2855 1825 2897 ut
1846 2852 1990 2916 possit
2010 2865 2167 2900 cavere

379 2918 491 2965 duas
522 2931 751 2978 personaS,
796 2933 929 2967 unam
961 2926 1129 2967 tantum
1163 2922 1207 2967 in
1240 2921 1414 2968 Christo
1446 2923 1550 2968 dicit
1581 2936 1681 2969 esse
1713 2929 1910 2970 naturam
1935 2959 1945 2970 .
1968 2924 2166 2983 Uterque

379 2989 510 3048 igitur
539 3002 593 3037 ex
625 3003 718 3037 uno
747 2991 884 3038 fontis
914 3004 1058 3039 errore
1090 2994 1227 3052 potati
1258 2998 1374 3039 sunt.
1396 3010 1439 3038 ss
1512 2993 1651 3049 Quin
1675 3007 1685 3018 ·
1709 3000 1755 3040 ut
1787 3008 1894 3042 non.
1915 3012 1958 3042 sa
2030 2995 2166 3043 Con·

521 3144 546 3182 5
570 3142 674 3183 Sed.
700 3145 785 3193 etc.)
812 3146 884 3183 vie
908 3156 950 3184 es
973 3147 1121 3189 smeltze,
1148 3157 1222 3184 nur
1244 3147 1283 3184 r'n
1312 3146 1346 3185 C
