2352 3568
942 238 1130 276 Johannes
1155 237 1314 276 Scottus.
1955 243 2008 286 21

238 369 581 414 Kommentaren
621 370 907 427 hinzufssgen.
970 370 1172 415 Heiricus
1214 370 1350 415 nahm
1396 370 1442 414 in
1486 370 1574 415 den
1615 370 1735 416 oben
1773 372 2023 416 erwahnten

238 439 433 486 Glossen
465 453 520 486 zu
541 440 785 499 Augustius
807 440 1065 498 Categoxiae
1092 441 1179 486 den
1202 440 1408 486 Glauben
1438 453 1495 486 an
1524 442 1597 486 die
1618 441 1875 499 Antipoden
1907 443 2026 487 herz·

237 512 330 556 hait
359 512 471 569 an‚¹)
502 524 594 557 was
624 513 669 557 in
702 512 804 557 dem
835 513 1231 570 vorhergehenden
1261 512 1556 558 Jahrhundert
1585 526 1668 558 nur
1696 513 1902 570 ergilius
1933 527 2024 559 von

237 582 455 641 Salzburg
467 583 503 641 ²)
533 588 710 641 gewagt
739 584 870 629 hatte.
933 583 1178 629 Derselben
1209 584 1429 641 Meinung
1469 584 1643 641 huldigt
1682 585 1796 629 auch
1838 585 1916 630 der
1946 585 2025 631 Ur·

238 654 375 699 heber
413 654 491 700 der
519 654 924 699 Prudenzscholien
954 655 1000 699 in
1039 655 1117 700 der
1144 654 1312 700 Trierer
1342 655 1627 700 Handschrift
1661 656 1775 700 1089
1806 669 1842 701 s,
1865 656 1935 710 XI,
1977 657 2022 701 in

236 725 450 770 welchem
481 726 559 770 wir
587 725 968 782 moglicherweise
990 726 1192 771 Heiricus
1223 726 1363 771 selbst
1386 727 1610 771 erkennen
1641 727 1853 785 dfirfen.³)
1897 727 2023 772 Auch

235 795 465 842 Johannes
502 795 680 841 Scottus
716 801 848 844 stfltzt
886 797 947 841 im
988 797 1277 842 Kommentar
1319 811 1375 843 zu
1405 798 1648 842 Martianus
1686 798 1810 843 diese
1840 798 2026 844 Ansi'cht

237 867 317 911 mit
347 867 469 912 einer
498 867 661 924 langen
693 867 1041 925 Beschreibung,
1080 869 1153 913 die
1193 869 1264 914 ich
1307 870 1402 914 hier
1439 869 1711 926 vollstandig
1741 870 2023 924 wiederhole‚

236 950 312 983 um
342 939 461 983 noch
493 942 628 983 etwas
657 951 749 983 von
781 939 868 983 den
900 940 1252 997 merkwssrdigen
1273 940 1485 986 Scholien
1516 941 1713 985 bekannt
1742 954 1798 985 zu
1820 942 2022 986 machen.

378 1009 444 1054 Zu
478 1009 605 1054 Mart.
628 1009 737 1067 Cap.
759 1010 817 1053 Vl
846 1023 890 1067 p.
918 1010 1018 1064 204,
1046 1011 1073 1055 8
1098 1024 1165 1068 sq.
1192 1012 1263 1056 ed.
1290 1011 1573 1070 Eyssenhardt
1608 1011 1747 1069 (Paris
1778 1012 1850 1057 lat.
1882 1013 2024 1057 12960

235 1079 313 1125 fol.
336 1080 431 1138 95):
475 1091 686 1126 ΑΝτικοι
714 1080 800 1138 (fur
823 1081 1044 1138 ἅντοικοι)·
1092 1082 1143 1126 id
1165 1083 1234 1126 esi
1258 1084 1476 1127 contrarii
1507 1082 1807 1137 habitatorem
1851 1094 2022 1137 omoc,

237 1151 289 1196 id
306 1152 379 1196 est
404 1151 642 1196 habitatio.
677 1163 916 1198 ΑΝτικοες
947 1152 1160 1197 dicuntur
1187 1155 1267 1210 qui
1286 1155 1446 1197 contra
1466 1166 1551 1198 nos
1570 1153 1781 1198 habitant
1816 1156 1862 1198 in
1894 1157 2024 1198 meri-

236 1222 379 1267 diana
411 1223 559 1280 plaga
593 1235 732 1280 super
772 1225 954 1274 terram,
1010 1224 1282 1270 ΑΝΤιΡοιίες
1330 1237 1441 1268 vero
1488 1226 1567 1281 qui
1607 1226 1767 1269 contra
1818 1238 1902 1269 nos
1939 1226 2023 1269 sub

235 1294 370 1338 terra.
425 1306 756 1341 ΑΝτικτοΝεε
809 1294 1151 1352 (ΑΝτικῑοΝε-ῐε
1213 1296 1314 1340 cod.
1370 1295 1439 1339 fur
1497 1295 1759 1353 ἀντίχθονες)
1812 1295 2025 1340 dicuntur

234 1366 314 1421 qui
342 1366 620 1410 contrariam
651 1367 801 1410 terrae
824 1367 1006 1423 partem
1030 1365 1295 1422 possident:
1337 1377 1567 1412 ικτοΝος
1604 1366 1693 1424 (so)
1734 1369 1853 1411 enim
1885 1368 2019 1411 terra.

233 1435 358 1492 Ergo
386 1436 467 1480 IIII
502 1438 622 1490 sunt,
668 1437 718 1481 id
747 1438 819 1481 est
847 1450 932 1481 nos
974 1438 1022 1481 et
1062 1438 1208 1482 nostri
1251 1437 1492 1494 antipodes
1523 1439 1570 1481 et
1598 1439 1801 1482 anticoes
1831 1439 1878 1482 et
1906 1440 2022 1482 anti-

235 1507 400 1552 ctones.
445 1507 552 1552 Sed
580 1520 676 1552 nos
706 1521 819 1552 curn
850 1507 977 1552 illis·
1011 1508 1062 1552 id
1089 1510 1161 1552 est
1191 1521 1277 1552 nos
1302 1509 1350 1552 et
1377 1509 1590 1552 anticoes.
1631 1507 2019 1553 Autumnascit*

234 1579 354 1622 sicut
391 1580 510 1623 enim
554 1578 630 1623 sol
666 1592 767 1623 cum
811 1580 858 1623 ἰνι
898 1580 1190 1635 augmentum
1232 1579 1565 1636 (argumentum
1606 1579 1726 1637 cod.)
1766 1580 1859 1624 diei
1895 1582 2024 1625 venit

235 1648 301 1693 ad
347 1661 433 1693 nos
471 1662 556 1694 ver
597 1650 728 1694 nobis
764 1649 898 1706 facit,
940 1652 1008 1694 sic
1047 1649 1141 1694 illis
1181 1649 1478 1694 descendente
1514 1650 1603 1707 (so)
1640 1652 1687 1694 in
1728 1653 2020 1707 augmentum

234 1719 393 1777 (augin
428 1721 548 1778 eod.)
601 1721 694 1765 diei
744 1734 829 1765 ver
862 1720 996 1777 facit.
1041 1721 1164 1777 Ergo
1207 1721 1452 1764 autumnus
1502 1722 1658 1765 noster
1706 1721 1887 1767 illorum
1938 1735 2023 1767 ver

233 1791 303 1835 est
331 1792 379 1835 et
403 1792 648 1836 autumnus
668 1790 848 1835 illorum
869 1804 953 1835 ver
970 1792 1175 1835 nostrum
1196 1791 1276 1835 est.
1308 1789 1608 1847 Antipodes
1628 1793 1805 1836 autem
1825 1794 2017 1837 nostri·

231 1863 329 1906 acsi
367 1861 583 1907 dixisset:
624 1861 694 1906 illi
732 1864 812 1919 qui
853 1864 1014 1907 contra
1044 1875 1129 1906 nos
1157 1863 1268 1906 sunt
1295 1863 1342 1905 in
1382 1863 1566 1906 oriente.
1633 1862 1735 1907 Uno
1776 1863 2022 1920 eodemque

234 1933 434 1990 tempore
462 1946 548 1978 nos
574 1935 621 1977 et
649 1935 796 1978 nostri
826 1933 1067 1991 antipodes
1098 1934 1324 1978 aestivum
1345 1934 1393 1977 et
1410 1933 1614 1977 brumale
1634 1935 1811 1991 tempus
1829 1936 2020 1979 sustine-

232 2015 346 2048 mus.
383 2003 583 2060 Quidam
613 2005 681 2048 ita
711 2004 973 2061 intelligunt
1000 2004 1119 2048 hunc
1141 2003 1310 2048 locum:
1340 2016 1430 2048 uno
1451 2004 1697 2060 eodemque
1717 2005 1917 2062 tempore
1937 2018 2022 2050 nos

233 2075 280 2119 et
298 2075 445 2119 nostri
465 2075 705 2132 antipodes
725 2076 952 2120 aestivum
983 2076 1031 2119 et
1058 2074 1263 2119 brumale
1293 2076 1471 2131 tempus
1499 2076 1787 2126 sustinemus,
1818 2077 1903 2120 sed
1932 2089 2023 2120 non

233 2145 392 2190 eadem
416 2145 667 2202 prolixitas
697 2146 873 2191 dierum
903 2147 950 2190 et
977 2147 1176 2190 noctium
1207 2145 1338 2189 nobis
1368 2147 1415 2189 et
1443 2145 1537 2189 illis
1558 2147 1639 2189 est.
1671 2146 1777 2190 Ideo
1801 2146 1933 2191 dicit:
1964 2148 2022 2191 de

234 2217 411 2260 aestate
434 2216 708 2272 grandiores
739 2217 976 2273 (vielleicht
1001 2216 1252 2273 grandes?)
1285 2216 1384 2260 dies
1414 2215 1484 2259 illi
1512 2216 1691 2266 liabent,
1735 2229 1826 2261 non
1867 2219 2019 2262 tamen

233 2287 354 2331 sicut
381 2298 488 2337 nos,·
526 2287 802 2343 grandiores
831 2289 950 2331 enim
980 2287 1210 2331 habemus.
1271 2285 1496 2330 Similiter
1533 2288 1580 2330 in
1619 2287 1781 2331 bruma
1814 2289 2019 2344 grandes

234 2358 388 2401 noctes
418 2357 582 2414 (noctis
611 2371 670 2403 m.
694 2358 739 2415 2)
770 2358 948 2408 habent,
989 2358 1074 2403 sed
1102 2371 1192 2402 non
1222 2358 1342 2402 sicut
1379 2370 1476 2402 νιος.
1539 2357 1861 2403 Prolixissima
1898 2361 2018 2404 enim

235 2440 331 2472 nox
361 2427 543 2473 illorum
574 2430 654 2479 est,
696 2431 915 2485 quantum
949 2430 1007 2474 ab
1038 2429 1154 2474 hora
1186 2430 1321 2473 tertia
1352 2441 1494 2485 usque
1523 2429 1588 2472 ad
1615 2441 1783 2473 nonam
1815 2432 2020 2475 aestivus

233 2499 333 2543 dies
362 2499 490 2556 apud
526 2512 612 2544 nos
650 2500 832 2550 obtinet,
874 2502 922 2544 et
952 2500 1271 2557 prolixissima
1314 2499 1413 2544 dies
1455 2498 1637 2543 illorum
1667 2501 1748 2550 est,
1793 2502 2014 2557 quantum

233 2569 364 2614 nobis
393 2571 465 2614 est
492 2583 523 2614 a
554 2571 690 2615 tertia
717 2571 832 2615 hora
862 2573 1008 2616 noctis
1038 2573 1085 2615 in
1116 2571 1277 2615 bruma
1307 2583 1449 2627 usque
1479 2570 1544 2614 ad
1568 2583 1738 2614 nonam
1757 2571 1942 2622 horam:
1970 2574 2018 2616 et

232 2642 276 2684 si
315 2642 383 2684 sic
425 2641 718 2698 intelligatur,
759 2642 876 2687 duos
916 2642 1160 2699 antipodes
1202 2633 1444 2691 habemus)
1477 2641 1529 2685 id
1569 2643 1640 2685 est
1679 2642 1924 2686 orientales
1969 2646 2016 2687 et

379 2795 407 2840 ¹)
433 2795 544 2832 Oben
569 2795 606 2832 S.
626 2796 671 2833 19
694 2797 802 2834 Anm.
820 2797 854 2833 3.
902 2797 1063 2833 Traubes
1088 2797 1203 2844 Ausg.
1221 2807 1256 2843 p.
1274 2796 1356 2832 422.

375 2854 406 2898 ')
434 2854 512 2902 Vgl.
531 2855 577 2891 H.
596 2855 755 2899 Krabbo,
780 2856 933 2892 Bischof
947 2856 1061 2903 Virgil
1077 2866 1113 2892 v.
1131 2854 1309 2902 Salzburg
1332 2855 1408 2890 und
1425 2856 1529 2890 seine
1546 2854 1874 2901 kosmologischen
1891 2854 2013 2896 Ideen,

234 2913 271 2948 in
296 2912 368 2949 den
393 2913 649 2962 Mitteilungen
675 2915 742 2951 des
767 2915 926 2951 Instituts
950 2915 1007 2951 fiir
1031 2918 1155 2951 osterr.
1174 2914 1527 2950 Geschichtsforsch.
1545 2913 1658 2949 XXIV
1681 2912 1804 2958 (1903)
1833 2912 1957 2948 1-28,

378 2971 407 3017 ⁸)
432 2972 486 3008 Zu
510 2972 690 3016 Prudenz,
714 2973 873 3010 Hamart.
891 2974 962 3010 866
988 2974 1064 3019 (fol.
1083 2973 1160 3020 70):
1198 2972 1408 3010 Secundum
1434 2982 1502 3008 eos
1524 2971 1693 3017 loquitur
1715 2971 1782 3016 qui
1802 2971 1932 3006 dieunt
1954 2971 2011 3006 in-

229 3030 383 3074 fernum
406 3040 491 3067 esse
514 3033 618 3077 apud
640 3033 856 3078 antipodas.
905 3032 967 3068 lui
996 3033 1095 3068 en1'm
1128 3032 1346 3077 inferiorem
1364 3033 1517 3077 partem
1542 3033 1668 3066 terrae
1693 3029 1906 3075 possident,
1940 3039 2013 3066 nos

234 3097 327 3124 vero
351 3089 593 3134 superiorem,
627 3092 666 3126 et
690 3091 807 3136 polus
838 3090 975 3127 dividit
1007 3100 1080 3127 nos
1113 3091 1161 3127 ab
1194 3091 1260 3127 eis.
1309 3090 1359 3125 Et
1390 3090 1463 3125 hoc
1487 3091 1547 3125 est
1570 3089 1674 3134 quod
1705 3088 1762 3124 ait
1789 3089 1928 3134 polus
1963 3089 2010 3124 in

166 3174 170 3176 -
234 3147 390 3184 medio.
