2352 3568
951 244 1138 281 Johannes
1164 242 1323 281 Scottus.
1964 246 2021 289 37

27 367 38 433 ξ,
70 384 187 426 ,12⁴1
242 376 404 420 iectum
435 379 503 420 est
532 375 630 433 ipsa
660 375 904 420 substantia
936 387 1051 432 quae
1071 387 1127 420 ex
1156 375 1335 420 materia
1366 379 1575 420 constans
1597 375 1749 420 omnia
1780 375 2023 419 accidentia

245 447 583 505 comprehendit
612 447 658 492 in
688 459 752 501 se,
792 447 906 492 sicut
936 447 981 491 in
1013 447 1195 492 homine
1226 451 1294 491 est
1323 446 1523 503 qualitas,
1557 446 1776 503 quantitas
1807 450 1851 490 et
1881 450 2022 490 cetera

242 518 499 572 accidentia,
540 530 655 575 quae
686 518 868 563 minime
906 522 1096 575 possunt
1126 530 1225 562 esse
1257 518 1302 562 in
1332 518 1488 572 forma,
1530 518 1743 575 quoniam
1783 517 1926 562 forma
1957 522 2024 562 est

242 589 340 634 sine
370 590 563 634 materia.
584 602 628 632 33
687 589 871 634 Forma
893 601 903 612 ·
927 601 1042 646 quae
1063 589 1306 633 accidentia
1327 601 1419 634 non
1441 589 1606 646 recipit.
1628 602 1670 632 ss
1731 589 1946 633 Formae
1961 600 1970 610 ·
1985 601 2021 633 s.

206 676 226 705 s
244 666 446 706 aeternae
476 695 487 706 .
518 661 705 705 Formae
746 661 947 705 omnium
988 672 1130 705 rerum
1162 665 1363 705 aeternae
1402 665 1506 705 sunt
1544 666 1588 705 et
1626 660 1939 718 incorporales,
1981 664 2024 704 et

245 732 345 776 illae
365 743 495 776 verae
515 732 685 776 formae
706 736 820 785 sunt,
853 732 910 776 ad
943 744 1126 788 quarum
1158 731 1490 776 similitudinem
1523 732 1619 786 hae,
1653 744 1768 789 quae
1800 732 1844 776 in
1866 743 2023 788 corpo·

245 803 365 847 ribus
396 806 511 856 sunt,
544 802 785 860 productae
815 806 950 847 sunt.
974 802 1092 856 Quia
1113 814 1220 859 ergo
1253 802 1352 846 illae
1384 807 1585 847 aeternae
1616 802 1785 847 formae
1816 802 2022 847 meliores

242 875 358 927 sunt,
390 885 523 930 quam
555 873 734 917 materia
765 873 1019 930 corporalis,
1051 885 1151 923 cum
1182 876 1396 930 tempore,
1429 873 1533 930 quia
1563 877 1777 927 aeternae,
1809 886 1910 918 cum
1941 877 2024 917 sta-

243 944 422 998 bilitate,
454 944 558 1001 quia
588 943 883 997 inmutabiles,
921 944 1027 988 satis
1059 956 1255 1000 congrue
1287 956 1339 988 ea
1371 956 1485 1000 quae
1516 948 1619 988 sunt
1648 944 1895 988 secundum
1927 944 2023 988 illas

191 1031 228 1060 10
244 1015 393 1074 potius
439 1027 573 1072 quam
619 1015 865 1058 secundum
921 1015 1146 1059 materiam
1200 1016 1499 1068 nominantur;
1555 1015 1625 1059 vel
1682 1015 1785 1071 quia
1845 1015 2023 1059 materia

243 1087 504 1145 plerumque
536 1086 787 1130 communis
819 1090 885 1130 est
915 1086 1167 1139 multorum,
1199 1086 1341 1130 forma
1371 1098 1477 1131 vero
1509 1086 1714 1143 specialis
1745 1087 2022 1143 singulorum

243 1171 456 1215 generum
476 1157 547 1203 vel
578 1157 773 1202 hominis
794 1157 865 1202 vel
898 1157 1001 1213 equi
1033 1161 1076 1201 et
1106 1157 1276 1202 facilior
1305 1162 1372 1201 est
1402 1169 1543 1201 rerum
1567 1158 1764 1214 cognitio
1797 1158 1842 1201 in
1874 1158 2024 1214 specie

245 1242 379 1286 quam
400 1229 446 1273 in
470 1240 647 1285 genere,
680 1228 783 1272 ideo
808 1228 1055 1272 secundum
1081 1228 1269 1272 formam
1291 1232 1504 1272 vocantur
1530 1262 1539 1272 .
1563 1228 1695 1284 Igitur
1714 1228 1784 1272 vel
1807 1241 1832 1272 a
1854 1228 2024 1272 meliori

244 1302 366 1358 parte
395 1300 465 1345 vel
497 1313 523 1344 a
562 1299 724 1357 potiori
756 1299 1012 1356 cognitione
1053 1311 1106 1343 ea
1146 1311 1260 1356 quae
1300 1303 1403 1343 sunt
1441 1299 1687 1343 secundum
1727 1299 1916 1344 formam
1948 1311 2025 1343 vo·

191 1386 227 1415 ιε
245 1376 409 1416 cantur.
431 1383 473 1413 ss
523 1370 804 1415 Subiectae
836 1382 954 1414 esse
985 1382 1089 1414 non
1121 1374 1345 1427 possunt
1367 1382 1376 1392 ·
1400 1383 1435 1414 3.
1459 1371 1698 1415 materiam.
1720 1383 1764 1412 33
1809 1370 2024 1414 Ceterae

243 1442 442 1487 formae
464 1454 474 1465 ·
497 1455 533 1486 3.
556 1442 789 1486 hominurn
821 1445 865 1486 et
894 1441 1164 1494 animalium,
1198 1453 1312 1497 quae
1334 1441 1390 1485 ab
1418 1442 1604 1485 aeternis
1626 1442 1820 1486 veniunt.
1843 1454 1886 1483 33
1931 1441 2024 1485 Ac-

246 1513 546 1558 cidentibus
577 1517 697 1557 sunt
728 1525 737 1535 ·
769 1526 805 1558 3.
828 1513 917 1557 hoc
946 1513 1050 1557 facit
1080 1513 1271 1557 materia.
1294 1525 1337 1554 33
1434 1512 1500 1557 Ut
1530 1513 1825 1556 humanitas
1849 1524 1859 1534 ·
1882 1512 1927 1556 id
1959 1516 2026 1556 est

245 1585 438 1628 humana
469 1584 625 1628 forma.
646 1597 689 1626 ss
749 1583 803 1628 In
835 1596 897 1628 eo
930 1584 1071 1640 quod
1102 1584 1217 1640 ipsa
1249 1587 1326 1627 est
1351 1595 1360 1605 ·
1383 1583 1428 1627 id
1460 1587 1527 1627 est
1547 1595 1640 1627 non
1662 1583 1907 1627 secundum
1940 1583 2025 1627 for-

246 1667 379 1700 mam.
400 1668 443 1697 33
504 1655 556 1699 ln
588 1667 650 1699 eo
683 1655 823 1711 quod
855 1655 1068 1699 materia
1089 1666 1099 1677 ·
1121 1667 1157 1699 s.
1180 1654 1427 1698 secundum
1460 1654 1698 1698 materiam.
1721 1666 1764 1696 33
1854 1653 1915 1697 Ei
1942 1665 1951 1675 ·
1979 1653 2024 1697 id

192 1739 229 1769 20
246 1730 313 1770 est
342 1725 511 1770 formae
534 1760 544 1770 .
568 1726 892 1769 Humanitati
916 1738 925 1748 ·
949 1725 994 1769 id
1026 1730 1093 1769 est
1123 1726 1343 1769 humanae
1373 1725 1555 1769 formae.
1578 1737 1621 1766 33
1681 1724 1990 1768 Humanitas
2014 1736 2022 1746 ·

245 1797 405 1842 Forma
447 1796 654 1841 materiae
696 1797 894 1840 subiecta
931 1800 998 1840 est
1029 1800 1071 1840 et
1111 1796 1301 1840 invicem
1345 1796 1546 1840 materies
1577 1795 1746 1839 formae
1781 1829 1791 1840 .
1826 1795 2026 1851 Utroque

246 1868 365 1912 enim
396 1868 536 1912 modo
580 1868 652 1912 hic
695 1868 873 1924 ponitur
906 1902 917 1912 .
952 1868 1135 1912 Forma
1178 1879 1300 1912 vero
1345 1879 1477 1924 quae
1521 1871 1599 1911 est
1641 1867 1755 1911 sine
1798 1866 2024 1911 materia·

246 1939 360 1984 sicut
388 1939 530 1984 forma
563 1939 634 1984 dei
655 1939 726 1983 vel
748 1943 949 1983 aeternae
980 1939 1150 1983 formae
1172 1951 1286 1995 quae
1307 1951 1436 1983 verae
1467 1938 1636 1982 formae
1667 1942 1782 1982 sunt.
1805 1950 1848 1979 ss
1907 1937 2025 1981 Non

246 2011 441 2068 poterit
485 2023 601 2055 esse
644 2011 939 2055 subiectum
975 2022 985 2033 ·
1021 2010 1065 2054 id
1097 2014 1164 2055 est
1194 2022 1286 2054 non
1328 2014 1476 2067 potest
1506 2009 1699 2066 recipere
1731 2009 1951 2053 accidens.
1984 2020 2027 2049 33

193 2094 230 2123 25
247 2082 425 2127 Inesse
456 2082 702 2126 materiae
725 2094 735 2104 ·
757 2095 794 2126 s.
817 2081 976 2138 poterit
996 2082 1093 2138 ipsa
1115 2081 1270 2125 forma.
1292 2093 1335 2122 33
1394 2080 1577 2136 Neque
1608 2084 1748 2124 esset
1778 2079 1944 2123 forma
1961 2091 1971 2101 ·
1989 2091 2024 2123 s.

246 2153 285 2197 si
314 2153 470 2206 forma,
503 2164 617 2209 quae
649 2156 715 2196 est
745 2153 841 2196 sine
873 2152 1064 2204 materia,
1097 2152 1211 2195 inest
1241 2151 1460 2195 materiae.
1482 2163 1524 2192 33
1593 2150 1664 2194 Ex
1696 2150 1775 2194 his
1806 2149 2022 2193 formis·

249 2224 294 2268 id
326 2228 394 2268 est
423 2224 610 2268 aeternis
642 2228 685 2267 et
715 2223 889 2268 divinis.
913 2236 956 2265 33
1026 2223 1234 2267 Praeter
1255 2234 1265 2244 ·
1289 2226 1419 2266 extra.
1442 2234 1485 2263 ss
1555 2221 1688 2266 Istae
1719 2221 1917 2265 formae
1941 2233 1950 2242 ·
1974 2220 2028 2264 Et

249 2295 354 2351 quia
383 2295 440 2339 ab
471 2295 568 2338 aliis
598 2294 752 2338 formis
773 2294 967 2347 veniunt,
1001 2294 1150 2350 potius
1190 2293 1408 2349 imagines
1434 2296 1648 2337 vocantur
1678 2305 1811 2348 quam
1843 2292 2026 2345 formae,

249 2366 354 2422 quia
396 2377 531 2410 omne
575 2377 674 2409 esse
717 2377 770 2409 ex
813 2365 955 2409 forma
992 2368 1070 2417 est,
1115 2364 1227 2408 sicut
1264 2364 1416 2408 omnia
1458 2363 1701 2408 accidentia
1744 2363 1800 2407 ab
1845 2363 1954 2407 usia.
1985 2375 2028 2405 33

194 2436 377 2482 aoNam
422 2440 621 2480 ceteras
653 2448 663 2457 ·
692 2435 815 2480 Sicut
846 2448 944 2479 cera
974 2436 1171 2479 subiecta
1202 2435 1351 2492 sigillo
1383 2447 1476 2479 non
1515 2435 1703 2479 formam
1741 2434 1905 2490 recipit,
1946 2434 2027 2478 sed

249 2508 504 2564 imaginem,
536 2507 594 2550 ita
625 2519 709 2551 nec
739 2519 824 2550 nos
854 2506 1020 2551 formas
1051 2519 1154 2551 vere
1185 2506 1415 2559 habemus,
1447 2506 1527 2550 sed
1559 2506 1791 2562 imagines.
1812 2517 1855 2547 33
1929 2504 2028 2549 Ab·

250 2579 439 2623 utimur
465 2590 475 2600 ·
509 2577 631 2622 Sicut
669 2581 868 2622 nostrum
900 2589 1000 2622 esse
1040 2589 1133 2621 non
1165 2582 1232 2621 est
1260 2589 1413 2621 verum
1445 2589 1558 2630 esse,
1600 2576 1705 2632 quia
1744 2588 1836 2620 non
1877 2580 1944 2620 est
1982 2575 2028 2620 id

251 2649 375 2706 quod
406 2653 485 2703 est,
526 2649 606 2693 sed
638 2661 738 2693 esse
770 2649 967 2703 dicimur,
1010 2649 1113 2705 quia
1144 2661 1170 2692 a
1200 2660 1306 2693 vero
1338 2648 1410 2692 dei
1441 2660 1541 2692 esse
1579 2647 1851 2704 accepimus,
1897 2647 1955 2691 ita
1987 2651 2030 2691 et

249 2720 419 2764 formae
449 2732 564 2776 quae
595 2720 641 2764 in
673 2720 933 2777 corporibus
963 2724 1067 2764 sunt
1097 2732 1189 2764 non
1220 2724 1323 2764 sunt
1351 2731 1480 2764 verae
1511 2719 1694 2772 formae,
1725 2718 1805 2762 sed
1837 2718 1941 2774 quia
1971 2717 2027 2762 ab

197 2806 234 2835 as
251 2790 336 2835 illis
367 2792 553 2835 aeternis
592 2791 745 2836 formis
787 2792 982 2845 veniunt,
1026 2791 1194 2836 formae
1236 2795 1450 2836 vocantur
1488 2790 1671 2834 abusive
1706 2824 1716 2834 .
1755 2789 1829 2833 Sic
1865 2801 2028 2845 nempe

252 2862 461 2919 scriptum
493 2866 559 2907 est
589 2862 634 2906 in
656 2862 843 2919 epistula
873 2863 991 2907 beati
1012 2862 1137 2906 Pauli
1159 2861 1305 2919 (Rom.
1333 2862 1401 2915 12,
1424 2861 1490 2918 3):
1523 2861 1625 2904 dico
1648 2864 1794 2904 autem
1816 2859 2028 2904 omnibus

254 2933 329 2988 qui
359 2937 462 2976 sunt
491 2934 602 2977 inter
630 2945 714 2978 vos
736 2968 746 2977 .
769 2933 967 2990 Simplex
998 2934 1218 2990 expositio
1250 2937 1333 2977 est:
1379 2933 1423 2976 in
1454 2932 1665 2976 omnibus
1697 2931 1772 2986 qui
1804 2930 1915 2973 inter
1943 2941 2027 2974 vos

254 3008 567 3048 conversantur
598 3004 699 3049 dico
723 3039 733 3048 .
756 3004 845 3048 Sed
879 3005 1034 3048 beatus
1066 3004 1328 3048 Ambrosius
1360 3003 1487 3047 altius
1520 3002 1651 3046 sentit
1681 3000 1756 3058 (cs.
1778 3001 1827 3044 ln
1856 2999 2025 3044 Psalm.

401 3097 444 3133 19
468 3096 523 3142 Ei]
548 3097 591 3133 Et
618 3096 651 3134 C
676 3098 768 3144 (vgl.
785 3097 942 3143 Peipers
964 3097 1045 3138 ΕΑ)
1112 3120 1118 3127 ·
1154 3098 1200 3133 22
1225 3097 1354 3133 Forma
1379 3117 1423 3122 —
1450 3097 1598 3131 materia
1622 3105 1695 3131 om.
1716 3093 1749 3131 C
1822 3094 1869 3131 35
1894 3104 2028 3140 nempe

202 3181 205 3183 -
254 3154 333 3196 BC,
359 3157 457 3191 enim
484 3155 588 3192 TMF
