2352 3568
952 254 1141 291 lohannes
1163 253 1325 291 Scottus.
1976 258 2034 302 43

90 398 201 434 mu
254 383 347 442 (Ps.
379 384 452 439 32,
474 384 540 443 9);
584 385 693 430 dixit
722 389 765 430 et
794 385 908 431 facta
938 390 1054 440 sunt,
1087 386 1133 430 id
1165 390 1232 431 est
1260 385 1417 442 genuit
1445 385 1586 430 filium
1619 397 1698 443 per
1733 397 1866 443 quem
1901 387 2033 431 simul

253 456 405 501 omnia
436 460 579 501 creata
607 461 723 502 sunt.
785 456 945 514 Neque
976 457 1095 502 enim
1136 456 1319 513 aliquod
1357 457 1571 514 temporis
1611 457 1802 514 spatium
1844 457 2035 502 interfuit

251 527 363 571 inter
403 528 734 584 generationem
778 528 857 572 filii
901 532 944 572 et
986 528 1252 572 creationem
1296 527 1465 581 mundi,
1518 527 1623 584 quia
1672 529 1901 584 generatio
1954 529 2033 573 filii

252 598 414 643 creatio
443 598 526 643 fuit
554 597 709 642 mundi
743 632 754 642 .
784 597 1028 658 Aeternitas
1057 610 1164 643 vero
1204 602 1271 643 est
1301 610 1416 656 quae
1447 603 1604 643 cuncta
1644 599 1872 656 praeterita
1912 612 2035 656 prae-

215 684 235 713 3
251 669 393 714 sentia
423 670 581 727 pariter
610 673 654 713 et
681 669 823 714 futura
854 669 1171 726 complectitur,
1213 681 1328 726 quae
1358 669 1649 714 solummodo
1682 670 1727 714 in
1760 671 1847 714 deo
1879 675 1958 715 est.
1990 684 2033 713 ss

250 739 400 785 Nunc
421 752 432 763 ·
453 741 498 784 id
529 744 596 785 est
625 752 850 798 praesens.
865 753 909 782 33
990 740 1213 785 Currens
1235 753 1246 763 ·
1270 740 1411 785 Currit
1440 753 1519 798 per
1549 741 1774 797 quandam
1806 742 2033 787 continua-

248 810 416 855 tionem
438 810 495 855 de
515 810 660 854 futuro
682 811 728 854 in
749 823 973 867 praesens,
996 811 1052 855 de
1074 811 1292 868 praesenti
1313 811 1359 855 in
1380 812 1672 868 praeteritum.
1693 824 1737 854 33
1786 812 2030 858 Movens·

249 893 328 939 per
355 885 570 938 tempora.
591 893 635 923 33
754 880 848 925 Cui
871 893 881 903 ·
904 882 949 926 id
981 886 1048 926 est
1078 882 1317 927 aeternitati
1349 917 1359 927 .
1392 882 1607 939 Semper
1637 894 1647 904 ·
1680 882 1854 928 Omnes
1885 888 2031 940 partes

248 951 428 996 licenter
456 952 640 996 nomina
670 957 861 1009 possunt
889 953 1053 1007 vocari,
1093 953 1207 997 sicut
1237 957 1280 997 et
1309 953 1444 997 verba
1474 988 1485 998 .
1517 953 1637 1010 Ergo
1678 953 1822 1011 ipsam
1862 959 2029 1012 partem

197 1039 233 1069 10
248 1022 445 1068 adverbii
474 1034 643 1067 nomen
673 1022 879 1079 appellat.
900 1036 943 1066 33
1010 1023 1213 1069 <Nunc>
1241 1036 1251 1046 ·
1274 1024 1342 1068 De
1373 1024 1556 1068 homine
1587 1037 1706 1068 nunc
1736 1026 2034 1083 temporaliter

247 1096 316 1138 est
345 1094 668 1151 accipiendum,
701 1094 758 1139 de
789 1094 876 1139 deo
908 1096 1192 1140 aeternaliter.
1214 1108 1258 1138 33
1330 1095 1733 1153 Sempiternitas
1756 1107 1766 1118 ·
1790 1100 2030 1153 perpetuus

249 1177 416 1210 cursus.
437 1177 481 1210 33
600 1165 796 1210 Eodem
840 1166 998 1211 modo
1034 1178 1043 1188 ·
1078 1179 1115 1211 s.
1149 1167 1457 1223 praedicantur
1498 1171 1616 1211 extra
1659 1167 1964 1211 substantiam.
1987 1181 2031 1210 33

247 1235 476 1281 Vestitus
498 1248 509 1258 ·
532 1237 721 1281 habitus.
742 1249 786 1279 33
876 1237 1047 1282 Currit
1068 1250 1078 1259 ·
1101 1238 1258 1282 facere.
1280 1250 1324 1280 33
1414 1237 1704 1281 Possidens
1728 1250 1737 1260 ·
1767 1238 1956 1282 habitus.
1990 1251 2031 1281 33

249 1306 401 1364 Regit
422 1319 432 1330 ·
454 1308 611 1353 facere.
673 1307 829 1362 Quod
861 1311 971 1353 est·
994 1309 1039 1353 id
1072 1313 1139 1353 est
1169 1309 1266 1354 usia
1295 1309 1368 1354 vel
1398 1309 1657 1354 substantia.
1674 1321 1718 1351 33
1779 1309 1853 1353 De
1884 1310 2031 1354 utris-

195 1390 349 1435 isque
370 1390 381 1401 ·
403 1378 449 1423 id
480 1383 548 1423 est
577 1391 660 1441 nec
690 1379 748 1424 de
778 1380 866 1425 deo
898 1392 982 1424 nec
1013 1380 1070 1425 de
1102 1381 1299 1425 homine.
1320 1393 1364 1423 33
1490 1380 1855 1425 Exterioribus
1878 1392 1888 1401 ·
1912 1385 2029 1424 extra

248 1449 390 1494 usiam
422 1450 594 1507 positis.
615 1462 659 1493 33
762 1450 838 1495 Ad
870 1451 1013 1496 aliud
1035 1463 1045 1474 ·
1068 1452 1126 1496 ad
1157 1452 1277 1496 aliud
1311 1464 1445 1508 quam
1476 1452 1533 1495 sit
1562 1452 1660 1508 ipsa
1691 1451 1949 1505 substantia,
1983 1451 2028 1495 id

248 1525 315 1565 est
345 1520 402 1565 ad
441 1520 591 1565 locum
622 1526 667 1566 et
703 1526 894 1579 tempus,
936 1523 1069 1567 situm
1101 1527 1145 1567 et
1174 1523 1388 1567 habitum.
1410 1535 1453 1565 33
1572 1523 1984 1567 Internoscimus
2018 1535 2028 1544 ·

247 1592 474 1637 evidenter
512 1593 800 1650 agnoscimus
832 1628 843 1638 .
875 1593 1173 1638 Internoscere
1222 1598 1290 1638 est
1337 1606 1428 1638 rem
1478 1594 1739 1638 intrinsecus
1788 1597 2029 1651 penetrare,

248 1664 376 1720 quasi
406 1664 586 1708 interius
617 1677 815 1710 noscere.
838 1678 882 1707 33
972 1665 1074 1720 Qui
1106 1666 1262 1710 homo
1294 1670 1405 1710 est·
1429 1665 1522 1710 ‘est’
1556 1666 1613 1709 ad
1643 1666 1935 1710 substantiam
1967 1677 2029 1709 re-

193 1734 379 1779 mfertur
409 1747 524 1791 quae
555 1740 622 1779 est
652 1735 791 1780 homo
822 1736 892 1781 vel
926 1736 1050 1781 deus.
1071 1753 1113 1781 ss
1240 1736 1355 1790 Qua
1386 1741 1464 1780 est
1494 1737 1695 1793 aliquid
1718 1749 1728 1758 ·
1751 1736 1963 1781 subsistit.
1985 1749 2029 1778 33

247 1804 324 1850 Ad
355 1805 659 1862 qualitatem
695 1818 705 1828 ·
740 1806 784 1850 id
829 1811 896 1851 est
931 1807 1152 1852 iustitiam.
1184 1823 1226 1852 33
1346 1807 1422 1851 Ad
1466 1808 1809 1864 quantitatem
1843 1819 1853 1829 ·
1886 1808 1931 1851 id
1963 1812 2031 1851 est

246 1876 612 1933 magnitudinem.
633 1890 677 1920 33
776 1877 922 1922 Nihil
954 1890 964 1900 ·
996 1879 1104 1923 nihil
1134 1879 1476 1923 substantialiter
1505 1879 1791 1935 praedicatur.
1812 1891 1855 1921 33
1975 1879 2028 1923 ln

246 1947 364 1992 foro
401 1959 412 1970 ·
449 1952 496 1992 ut
538 1949 781 1994 hominem.
817 1962 861 1992 ss
980 1949 1189 2006 Ubique
1227 1962 1237 1972 ·
1275 1954 1322 1994 ut
1357 1950 1505 1995 deum.
1527 1962 1571 1992 ss
1691 1950 1796 1995 Ubi
1830 1962 1840 1972 ·
1878 1949 2027 1994 locum

248 2017 532 2063 demonstrat.
582 2032 627 2062 33
746 2020 847 2064 Sed
909 2032 1014 2064 non
1075 2033 1179 2077 quo
1222 2033 1232 2043 ·
1275 2021 1404 2065 refert
1443 2022 1499 2065 ad
1542 2021 1600 2066 id.
1651 2034 1695 2064 33
1816 2021 2026 2065 Currit·

194 2092 385 2134 nactus.
414 2102 458 2132 33
577 2090 630 2135 Si
669 2095 841 2135 tamen
872 2103 882 2113 ·
915 2091 1037 2135 Bene
1070 2092 1238 2148 colligit
1276 2105 1326 2136 se
1358 2092 1414 2136 ad
1446 2104 1509 2146 se,
1551 2092 1655 2149 quia
1695 2096 1953 2136 excesserat.
1986 2104 2029 2134 33

247 2159 454 2205 Interim
483 2167 495 2182 '·
527 2161 572 2205 id
605 2165 689 2205 est:
731 2162 878 2206 donec
908 2161 1186 2218 disputamus
1217 2196 1227 2206 .
1258 2161 1375 2206 Nam
1407 2162 1733 2219 disputantibus
1773 2162 2030 2206 conceditur

248 2231 467 2287 quaedam
498 2232 632 2276 verba
663 2233 847 2277 abusive
878 2237 921 2277 et
950 2233 1174 2290 inproprie
1205 2245 1373 2290 ponere
1404 2233 1461 2277 ad
1484 2233 1808 2277 consulendum
1841 2233 2028 2277 infirmis

248 2301 536 2347 auditoribus.
557 2316 601 2345 33
670 2303 789 2358 Quo
812 2316 822 2326 ·
846 2304 892 2348 id
922 2308 990 2348 est
1019 2308 1079 2349 ut.
1101 2316 1144 2346 33
1204 2303 1399 2360 Aliquo
1422 2316 1432 2326 ·
1455 2304 1603 2360 aliqua
1634 2317 1693 2358 re,
1725 2304 1892 2348 scilicet
1920 2308 2028 2348 tem-

248 2384 357 2429 pore
377 2373 447 2417 vel
468 2373 586 2419 loco.
606 2387 650 2417 33
710 2374 923 2431 Aliquid
945 2379 1023 2419 est
1044 2387 1054 2397 ·
1078 2374 1247 2420 Graece
1269 2375 1377 2419 dixit
1398 2375 1490 2420 ‘est’
1518 2388 1599 2433 pro
1622 2375 1719 2430 ‘sit'‚
1741 2375 2026 2419 indicativum

193 2457 231 2486 3ο
248 2455 330 2500 pro
361 2444 642 2489 subiunctivo
673 2457 863 2502 ponens.
885 2458 929 2488 33
1044 2445 1172 2490 Nam
1204 2446 1359 2490 situm
1387 2458 1397 2468 ·
1419 2446 1723 2491 Membrorum
1755 2446 2026 2503 positionem

248 2514 473 2572 appellat.
496 2515 757 2560 Passionem
788 2529 894 2561 vero
933 2517 1038 2560 dicit
1074 2517 1178 2574 quia
1217 2529 1309 2562 non
1350 2521 1417 2562 est
1455 2517 1692 2574 passibilis,
1733 2517 1814 2562 sed
1852 2529 2027 2561 summe

247 2585 352 2630 felix
373 2619 384 2630 .
406 2586 530 2630 Deus
561 2587 738 2643 spiritus
768 2592 853 2641 est;
886 2600 994 2644 ergo
1026 2588 1131 2645 quia
1162 2588 1451 2645 incorporalis
1478 2590 1558 2642 est,
1590 2588 1773 2632 minime
1804 2592 1951 2646 potest
1981 2589 2026 2632 in

249 2667 306 2700 eo
337 2668 437 2701 esse
467 2657 590 2710 situs,
622 2670 706 2702 nec
736 2659 903 2715 passio,
936 2658 1040 2715 quia
1070 2671 1245 2703 summe
1275 2659 1380 2703 felix
1410 2663 1490 2704 est.
1511 2672 1555 2701 33
1625 2659 1790 2714 Quasi
1821 2671 1924 2703 rem
1948 2671 1958 2681 ·
1981 2659 2026 2703 id

249 2731 316 2772 est
345 2728 650 2774 substantiam.
672 2742 716 2771 33
835 2729 1270 2774 circumstantias
1302 2742 1311 2752 ·
1343 2730 1388 2774 id
1420 2734 1487 2774 est
1517 2730 1761 2774 accidentia
1792 2764 1802 2774 .
1835 2730 2027 2774 Circum-

195 2811 232 2840 as
248 2799 432 2843 stantiae
463 2799 666 2844 dicuntur
694 2812 763 2844 res
794 2801 1062 2845 extrinsecus
1093 2801 1343 2845 accidentes
1375 2802 1487 2845 circa
1526 2802 1670 2858 ipsam
1702 2801 1991 2845 substantiam
2015 2835 2026 2845 .

249 2868 463 2914 Dicuntur
492 2871 623 2915 etiam
655 2871 1083 2928 circumpositiones.
1104 2885 1148 2914 33
1268 2872 1534 2929 Quodque
1566 2872 1657 2916 illa
1679 2884 1689 2894 ·
1713 2872 1869 2916 eadem
1902 2870 1960 2916 re.
1983 2884 2026 2914 33

391 2987 416 3022 4
439 2996 512 3032 qua
539 2985 573 3023 C
705 2988 729 3024 8
753 2987 936 3035 Semper
960 2998 1033 3025 om.
1053 2988 1088 3026 C
1240 2989 1285 3026 10
1308 2990 1413 3025 diese
1438 2988 1577 3026 Glosse
1599 2989 1652 3025 ist
1674 2988 1714 3024 in
1740 2988 1846 3024 TMF
1865 2988 1934 3024 mit
1958 2989 2028 3024 der

250 3046 589 3091 voraasgenenden
612 3048 1038 3093 zusammengeflossen,
1071 3048 1112 3084 in
1139 3046 1172 3084 C
1195 3049 1299 3084 steht
1321 3048 1377 3084 sie
1400 3048 1502 3084 ohne
1524 3047 1676 3083 Lemma
1708 3046 1838 3083 hinter
1858 3049 2027 3094 praeteri-

249 3106 338 3140 tum.
356 3114 393 3140 88
417 3103 535 3149 (Zeile
557 3104 595 3150 7)
735 3105 782 3142 25
806 3109 908 3142 actus
932 3105 977 3146 Β,
1002 3116 1112 3142 aecus
1139 3106 1183 3147 C,
1208 3116 1281 3143 om.
1301 3106 1407 3142 TMF
1504 3106 1684 3153 recolligit
1707 3105 1742 3141 B
1858 3105 1905 3142 28
1929 3106 2027 3141 scili-

177 3179 181 3182 ·
252 3165 308 3198 cet
332 3182 379 3188 —
404 3161 451 3198 29
474 3163 559 3199 loco
585 3173 658 3199 om.
679 3162 713 3200 C
782 3164 825 3200 31
854 3165 1012 3210 appellat
1032 3184 1074 3190 —
1094 3165 1181 3201 dicit
1206 3174 1278 3201 om.
1299 3164 1332 3201 C
1402 3164 1450 3200 36
1475 3164 1699 3210 Quodque
1715 3186 1760 3192 —
1779 3174 1818 3200 re
1834 3173 1908 3200 om.
1927 3163 2031 3200 TMF
