2352 3568
933 232 1121 270 Johannoe
1146 231 1304 270 Scottus.
1957 239 2008 283 41

22 361 27 419 s
60 369 178 406 ’lu-11
233 362 380 408 nullus
410 374 621 422 numerus
643 397 653 408 .
676 362 796 420 Ergo
827 363 872 408 in
904 364 1108 421 personis
1137 368 1306 409 tantum
1338 369 1405 409 est
1435 365 1492 410 ad
1523 365 1703 423 aliquid.
1725 379 1768 409 ss
1868 367 2014 422 Quae

21 419 49 458 ³⁴
232 434 410 478 venire
431 445 441 456 ·
464 446 500 479 s.
525 434 570 478 in
601 434 806 478 creaturis
829 468 840 479 .
862 434 968 479 Non
999 439 1103 479 sunt
1131 447 1234 480 vere
1264 436 1309 480 in
1341 436 1444 481 deo,
1465 449 1509 479 33
1578 427 1817 495 Amplior
1839 451 1848 461 ·
1872 440 1917 483 id
1949 445 2015 484 est

232 505 517 550 manifestior.
530 518 574 548 33
633 504 735 550 Sed
767 505 900 550 ultra
929 506 1277 551 substantiam
1300 519 1311 530 ·
1334 507 1379 552 id
1401 511 1469 552 est
1489 520 1605 565 quae
1626 509 1810 554 excedat
1830 522 2012 555 omnem
2062 509 2064 513 '

230 576 520 621 substantiam
565 611 576 622 .
619 576 752 622 Unde
795 577 902 622 illud
955 577 999 622 in
1051 578 1251 623 oratione
1302 579 1528 624 dominica
1584 583 1760 636 ‘panem
1813 585 2011 626 nostrum

193 647 533 693 scottidianum’
586 648 632 692 in
683 647 801 692 Luca
852 648 942 705 (11,
964 648 1011 706 3)
1052 650 1262 706 scriptum
1313 654 1397 694 est:
1463 661 1623 696 ΠΑΝιΝ
1665 657 1817 696 mum
1860 662 2012 697 ΥΠΕΡ-

233 729 441 772 οΥειοΝ,
473 718 519 763 id
540 723 607 763 est
636 731 798 776 panem
830 724 1028 764 nostrum
1062 721 1541 777 supersubstantialem,
1574 723 1698 779 quod
1737 723 1794 768 de
1827 735 2013 780 corpore

231 790 388 835 Christi
419 790 672 846 intelligitur
699 824 710 835 .
740 790 909 834 Dicitur
938 791 1070 835 etiam
1102 792 1213 836 deus
1244 804 1337 837 non
1368 805 1481 846 esse,
1514 805 1571 838 eo
1603 794 1726 850 quod
1758 794 1866 839 nulli
1898 807 2012 839 crea-

228 865 350 905 turae
379 860 436 904 sit
465 860 763 917 intellegibilis
786 895 796 906 .
819 861 979 918 Neque
1006 863 1125 906 enirn
1157 863 1346 919 angelici
1376 865 1554 920 spiritus
1591 865 1863 910 maiestatem
1895 866 2012 911 illius

228 931 454 976 sufficiunt
483 931 615 988 plene
647 932 867 988 conplecti
890 966 900 977 .
930 933 1047 976 Hinc
1077 938 1121 977 et
1150 934 1306 978 beatus
1327 934 1602 991 Augustinus
1635 936 1740 980 dicit
1770 936 1844 993 (cf.
1866 936 2009 982 Serm.

177 1017 212 1046 ιο
234 1003 330 1056 117,
344 1002 373 1048 5
393 1002 512 1059 etc.):
546 1003 656 1047 deus
678 1003 921 1048 nesciendo
943 1004 1102 1048 melius
1122 1005 1255 1048 scitur
1275 1009 1319 1049 et
1338 1006 1548 1062 negando
1571 1007 1729 1051 melius
1751 1008 2014 1052 confitemur

228 1074 376 1132 ipsum
413 1109 424 1119 .
460 1074 566 1119 Ideo
606 1074 736 1119 etiam
777 1075 985 1119 tenebrae
1026 1076 1192 1129 dicitur,
1235 1088 1367 1132 quem
1408 1078 1598 1123 tacendo
1631 1091 1812 1135 quoque
1853 1080 2011 1124 melius

228 1146 474 1190 laudamus.
496 1158 539 1188 ss
618 1145 693 1190 De
723 1145 888 1190 forma
911 1158 921 1168 ·
944 1146 991 1190 In
1025 1147 1263 1203 quantitate
1294 1148 1436 1192 forma
1468 1150 1874 1205 comprehenditur;
1907 1151 2010 1195 ideo

227 1218 346 1262 iuxta
376 1229 475 1262 eam
507 1217 697 1274 ponitur.
719 1229 762 1259 ss
841 1217 967 1262 Vere
990 1218 1128 1274 *quia
1158 1230 1251 1262 non
1283 1219 1416 1263 habet
1446 1220 1685 1264 materiam.
1707 1233 1750 1262 ss
1837 1221 2009 1266 Haec·

228 1288 351 1333 usiae
373 1322 384 1333 .
406 1288 836 1333 Praedicamenta
858 1300 868 1310 ·
891 1289 936 1332 id
968 1293 1035 1333 est
1066 1289 1285 1345 qualitatis
1316 1294 1360 1333 et
1390 1290 1655 1346 quantitatis.
1676 1303 1720 1332 33
1834 1292 1966 1336 Illud
2000 1304 2009 1314 ·

174 1360 272 1404 isid
304 1364 371 1404 est
400 1360 539 1404 homo
570 1359 641 1404 vel
672 1359 802 1413 deus;
834 1352 956 1404 'verbi
987 1360 1142 1416 gratia:
1175 1361 1314 1405 homo
1346 1361 1591 1405 substantia
1622 1366 1700 1406 est.
1722 1374 1765 1404 33
1840 1363 2010 1407 Homo

226 1443 331 1476 non
362 1431 595 1488 integre·
619 1431 723 1487 quia
753 1443 846 1475 non
877 1435 944 1475 est
974 1431 1019 1475 id
1052 1432 1175 1488 quod
1207 1436 1286 1476 est.
1309 1444 1351 1474 33
1449 1431 1583 1476 Aliis
1608 1444 1618 1455 ·
1640 1433 1685 1477 id
1718 1438 1785 1477 est
1814 1434 2011 1491 partibus

226 1502 334 1547 suis.
355 1515 399 1544 ss
459 1503 572 1547 Hoc
602 1504 774 1560 ipsum
798 1515 807 1525 ·
830 1516 865 1547 s.
890 1503 1014 1560 quod
1045 1508 1124 1548 est.
1146 1516 1188 1546 ss
1256 1504 1327 1548 lta
1350 1516 1359 1526 ·
1382 1517 1418 1548 S.
1442 1504 1498 1548 de
1530 1505 1618 1549 deo
1649 1506 1720 1549 vel
1752 1506 1948 1550 homine.
1968 1518 2010 1548 ss

226 1573 401 1618 Iustos
423 1586 434 1596 ·
457 1574 584 1630 quasi
614 1574 968 1619 substantialiter.
990 1587 1033 1616 33
1115 1574 1270 1628 Quod
1301 1576 1458 1619 homo
1482 1587 1492 1598 ·
1515 1575 1647 1620 Aliud
1680 1577 1875 1620 hominis
1906 1577 2010 1621 sub·

226 1645 397 1698 stantia,
420 1645 538 1689 aliud
561 1646 722 1690 iustitia
744 1680 754 1690 .
777 1646 986 1702 Legimus
1007 1646 1052 1690 in
1071 1645 1316 1702 Categoriis
1338 1645 1469 1703 (Aug.
1488 1646 1643 1703 Categ.
1659 1647 1719 1704 8),
1753 1649 1856 1704 quia
1878 1660 2011 1704 quae·

172 1727 209 1756 20
226 1715 329 1760 dam
361 1716 604 1761 accidentia
635 1717 680 1761 in
711 1717 810 1774 ipsa
841 1717 950 1770 usia,
989 1717 1074 1762 alia
1105 1722 1222 1761 extra
1253 1722 1296 1761 et
1327 1718 1436 1762 infra
1466 1722 1601 1762 sunt.
1625 1718 1714 1762 Sed
1748 1719 1935 1775 qualitas
1967 1724 2010 1763 et

226 1787 445 1843 quantitas
483 1799 662 1844 semper
700 1788 809 1832 intra
850 1788 991 1832 usiam
1031 1793 1135 1832 sunt
1174 1793 1217 1832 et
1256 1801 1484 1845 nunquam
1517 1794 1647 1833 extra.
1669 1802 1713 1832 33
1833 1791 2007 1847 Ipsum

225 1870 444 1914 magnus
467 1870 477 1880 ·
499 1859 647 1916 ipsum
680 1859 801 1916 quod
835 1859 991 1903 dicitur
1021 1872 1225 1916 magnus.
1247 1872 1291 1902 33
1352 1859 1572 1916 Reliqua
1595 1873 1605 1882 ·
1627 1873 1663 1905 s.
1687 1861 1943 1906 accidentia.
1965 1874 2009 1903 33

224 1929 300 1973 De
331 1930 519 1974 ceteris
541 1942 552 1952 ·
575 1930 679 1986 quia
706 1942 798 1975 non
830 1934 933 1974 sunt
963 1931 1007 1974 in
1039 1931 1137 1988 ipsa
1159 1931 1267 1975 usia.
1290 1943 1333 1973 ss
1394 1931 1528 1976 Ubi·
1552 1932 1675 1987 quod
1708 1936 1774 1976 est
1804 1932 1945 1977 locus.
1966 1946 2009 1976 33

224 1999 343 2045 Non
374 2001 511 2045 enim
534 2012 544 2023 ·
568 2001 672 2058 quia
702 2013 795 2045 non
827 2002 872 2045 in
904 2002 1002 2059 ipsa
1021 2002 1266 2046 substantia
1287 2003 1675 2058 comprehenditur
1704 2003 1777 2047 ille
1808 2004 1949 2049 locus.
1965 2017 2008 2046 ss

172 2088 209 2119 25
227 2070 681 2125 Quemadmodum
705 2084 715 2094 ·
739 2073 843 2128 quia
874 2073 990 2116 istud
1022 2073 1067 2116 in
1099 2073 1356 2117 substantia.
1378 2086 1421 2115 33
1526 2072 1692 2117 Albus
1717 2085 1726 2096 ·
1749 2074 1857 2118 illud
1890 2079 2007 2119 extra

225 2141 344 2186 illam
365 2142 631 2199 intelligitur.
652 2156 695 2185 33
756 2143 1116 2187 Circumfusus
1139 2155 1150 2165 ·
1172 2144 1285 2188 sicut
1306 2144 1469 2188 colore.
1491 2156 1534 2186 33
1595 2144 2005 2189 Determinatus·

225 2212 339 2256 sicut
359 2214 611 2269 quantitate.
628 2227 671 2255 33
730 2214 1028 2258 Secundum
1047 2225 1147 2258 <se>
1172 2226 1182 2236 ·
1204 2215 1509 2259 substantiam.
1526 2227 1568 2256 33
1630 2215 1760 2259 lllud
1778 2227 1788 2237 ·
1806 2216 2007 2260 substan-

224 2283 297 2327 tia.
311 2295 354 2325 33
399 2283 512 2328 Info
521 2297 591 2328 rm
600 2289 736 2328 atum
755 2297 765 2307 ·
781 2285 1156 2341 circumscriptum
1179 2285 1323 2342 spatio
1346 2285 1490 2330 locali.
1503 2298 1547 2328 33
1593 2285 1766 2330 Rebus
1783 2299 1793 2308 ·
1811 2288 2007 2343 partibus

226 2354 328 2399 loci.
369 2354 476 2399 Non
506 2359 652 2399 autem
675 2356 919 2400 ostenditur
944 2368 1043 2400 esse
1075 2356 1202 2400 locus
1233 2356 1277 2399 in
1309 2356 1406 2412 ipsa
1438 2357 1547 2410 usia,
1578 2357 1659 2401 sed
1691 2357 1788 2401 usia
1809 2358 2005 2414 quodam

172 2443 209 2472 ao
227 2425 368 2470 modo
401 2426 645 2470 ostenditur
674 2426 909 2471 informare
940 2428 1083 2483 ipsam
1116 2427 1483 2471 circumstantiam
1516 2428 1617 2472 loci.
1640 2441 1682 2470 33
1763 2428 1971 2486 Ubique
1996 2442 2004 2452 ·

227 2495 340 2540 Cum
373 2496 483 2540 deus
514 2496 681 2552 ubique
702 2509 802 2541 esse
823 2498 991 2550 dicitur,
1023 2498 1250 2542 illocaliter
1270 2498 1576 2554 accipiendum
1599 2503 1666 2542 est
1686 2503 1729 2542 et
1759 2511 1852 2543 non
1880 2501 2006 2556 quasi

226 2567 324 2624 ipse
362 2567 409 2611 in
449 2567 552 2612 loco
584 2568 640 2612 sit
674 2603 683 2612 .
718 2568 851 2613 Unde
883 2573 926 2612 et
956 2569 1111 2613 beatus
1142 2568 1416 2625 Augustinus
1457 2569 1562 2613 dicit
1600 2570 1645 2613 in
1677 2570 1789 2615 libro
1822 2570 2006 2615 Confes-

226 2638 404 2683 sionum
419 2637 509 2696 (De
523 2638 688 2694 Quant.
700 2638 846 2684 Anim.
859 2639 952 2697 77):
976 2641 1087 2684 deus
1101 2640 1280 2684 difficile
1296 2641 1513 2685 invenitur
1525 2641 1683 2695 ubisit,
1701 2642 1840 2686 multo
1856 2646 2004 2687 tamen

368 2779 391 2815 2
415 2779 454 2816 In
489 2782 659 2817 creaturis
693 2791 770 2817 non
803 2784 888 2817 sunt
913 2781 1111 2826 Quorum
1136 2792 1224 2819 vere
1249 2785 1286 2818 in
1311 2783 1383 2819 deo
1412 2782 1445 2819 C
1610 2783 1813 2830 Amplior
1837 2786 1860 2820 i.
1889 2787 2004 2821 mani·

225 2838 354 2875 festior
376 2848 450 2875 om.
469 2838 574 2875 TMF
698 2840 722 2876 4
747 2841 837 2876 illud
863 2841 1071 2878 dominicae
1095 2844 1368 2878 resurrectionis
1393 2842 1427 2878 Β
1551 2842 1575 2879 5
1599 2842 1658 2877 τὸν
1682 2844 1787 2887 ἄρτον
1814 2844 1918 2887 ἡμῶν
1942 2844 2002 2878 τὸν

224 2898 400 2933 ἐπιούσιον
432 2898 556 2935 Luat.
574 2909 603 2935 c.
737 2905 897 2940 ΠΑΝιΝ
925 2901 1135 2947 (ΠΑΝΥΝ)
1165 2900 1374 2944 CBTMFP,
1404 2901 1513 2941 τοΝ
1542 2902 1632 2946 (auf
1651 2901 1792 2946 Rasur)
1822 2907 2000 2942 ΑΡτοΝ

226 2956 263 2992 Ε
282 2966 346 2992 am
370 2956 486 2995 Rana
506 2958 587 2993 und
608 2967 654 2995 so
677 2969 770 3005 mag
791 2959 879 2995 Joh.
893 2960 1128 3006 gesdzrteben
1152 2960 1276 2996 haben
1387 2960 1427 2996 11
1456 2962 1578 3006 ipsum
1603 2987 1611 2995 .
1636 2959 1723 2996 Ideo
1749 2961 1858 2996 etiam
1887 2959 2000 3003 CTM,

228 3025 313 3051 eum
338 3017 402 3062 qui
427 3019 463 3052 et
486 3016 520 3052 Β
705 3018 759 3054 18.
788 3018 831 3054 19
857 3019 1069 3055 substantia.
1085 3031 1123 3055 33
1169 3020 1293 3056 Alter
1311 3030 1319 3038 ·
1337 3019 1448 3055 aliud.
1466 3030 1502 3055 33
1550 3019 1699 3055 Iustus
1717 3029 1726 3036 ·
1745 3021 1889 3055 iustitia.
1907 3031 1944 3055 33
1971 3019 2004 3056 C

230 3074 274 3110 19
299 3075 471 3123 Legimus
487 3096 533 3101 —
550 3076 593 3112 21
613 3087 800 3123 nunquam
826 3080 924 3113 extra
947 3079 1052 3114 steht
1073 3079 1159 3115 hier
1176 3079 1216 3115 in
1233 3078 1382 3119 MEFP,
1408 3079 1469 3114 als
1491 3078 1697 3115 besondere
1714 3077 1852 3115 Glosse
1875 3079 1914 3115 in
1930 3078 1995 3115 BT
1992 3107 2002 3119 ‚

180 3182 183 3184 ‚
228 3136 288 3170 als
311 3135 371 3171 ein
398 3135 474 3172 Teil
496 3145 574 3172 von
597 3135 744 3173 Rebus
772 3137 824 3181 (Z.
841 3137 899 3181 28)
927 3138 965 3174 in
994 3137 1027 3174 C
