2352 3568
393 254 450 299 78
1160 247 1199 285 Ε.
1219 246 1260 284 Κ.
1278 246 1393 291 Rand.

179 394 335 428 mna·
391 385 524 431 stiora
568 384 767 442 corporis
811 382 946 428 nostri
991 380 1188 426 medium
1232 383 1395 433 tenent,
1448 383 1495 424 ut
1537 383 1641 424 sunt
1683 391 1833 433 nasus,
1877 391 1932 425 os
1974 383 2019 425 et
2057 379 2182 439 virga

391 455 595 514 genitalis
645 454 829 499 membri
861 487 871 499 .
904 452 950 498 In
1001 451 1151 497 medio
1201 455 1348 496 autem
1391 461 1533 495 rerum
1575 450 1699 508 quod
1740 450 1859 505 dicit,
1912 449 1958 496 id
2001 454 2070 497 eet
2108 450 2182 499 vel

392 527 531 572 modo
562 525 868 572 excedentium
901 524 970 569 vel
1004 523 1113 568 intra
1144 522 1494 567 subsistentium.
1517 537 1560 566 33
1641 521 1783 567 Haec
1805 533 1815 545 ·
1839 534 1955 580 quae
1986 521 2182 582 dictmus

391 603 471 651 est,
503 610 538 643 s.
562 610 661 642 esse
694 601 894 655 possunt.
925 612 967 640 33
1099 594 1198 639 Aut
1238 606 1338 639 una
1378 597 1560 639 natura
1601 593 1843 651 duaeque
1883 604 2180 651 personae·

355 685 374 715 3
394 670 494 715 Hoc
526 680 767 726 numquam
802 668 917 712 ullus
949 666 1056 711 dixit
1088 665 1318 711 hereticus,
1341 680 1384 709 33
1460 663 1710 723 Duasque
1741 676 2002 723 personas
2024 676 2035 689 ·
2057 677 2085 712 a
2113 676 2182 712 se-

391 741 628 799 quentibus
660 739 919 785 subauditur
940 742 1054 783 ‘esse
1076 749 1167 782 non
1198 735 1363 794 posse'.
1386 752 1428 781 33
1489 735 1763 794 Unamque
1795 740 2030 783 naturam
2061 747 2183 784 esse

392 825 495 858 non
528 823 687 869 posse
719 822 729 833 ·
764 823 800 855 s,
824 810 1160 855 convicerimus,
1185 824 1227 853 33
1347 807 1710 854 Substantiam
1743 820 1753 831 ·
1787 808 1831 854 id
1872 813 1940 855 est
1979 812 2181 856 naturam

393 883 554 927 Latine.
577 899 618 927 33
706 882 854 926 Hunc
886 892 1110 925 errorem
1135 892 1145 902 ·
1168 892 1204 925 S.
1238 878 1448 925 Euticnis.
1470 895 1513 925 33
1588 879 2085 938 Interpretaremur·
2109 892 2182 927 ex·

390 966 658 1012 poneremus
674 987 683 997 .
699 952 841 1010 Supra
855 952 973 996 enim
988 950 1235 1009 (cs.Peiper
1242 963 1290 1009 p.
1300 950 1401 1005 203,
1411 950 1487 1009 22)
1501 951 1577 996 ubi
1598 951 1753 1010 pandit
1771 951 1970 998 Eutichis
1988 963 2181 999 errorem

338 1040 372 1069 ιο
390 1026 496 1070 dixit
527 1025 583 1070 de
615 1036 691 1069 eo:
740 1027 869 1081 ‘quae
900 1022 1117 1068 sententia
1150 1034 1242 1068 non
1274 1027 1423 1081 aperte
1455 1023 1579 1081 quod
1610 1023 1703 1069 vult
1733 1022 1984 1081 eloquitur’,
2024 1023 2181 1082 sicque

391 1097 551 1141 dehinc
583 1095 777 1141 ostendit
808 1094 974 1153 duplici
1015 1094 1156 1140 modo
1198 1094 1320 1140 illum
1362 1094 1741 1153 posse-intellegi,
1784 1095 1909 1153 quod
1941 1098 1985 1141 et
2014 1094 2088 1141 hic
2118 1106 2183 1142 re·

390 1168 610 1226 capitulat.
633 1183 675 1213 33
748 1167 942 1212 Idonee
974 1171 1026 1211 ut
1058 1166 1281 1211 arbitror
1311 1167 1634 1224 disputatum
1659 1178 1669 1190 ·
1693 1166 1770 1212 illo
1802 1166 2009 1212 videlicet
2038 1166 2181 1213 modo

391 1251 483 1297 quo
526 1239 583 1284 de
627 1250 794 1284 corona
838 1238 945 1283 dixit
988 1250 1122 1295 quam
1167 1250 1374 1295 gemmae
1418 1242 1460 1283 et
1503 1251 1656 1283 aurum
1703 1238 1868 1283 iaciunt
1910 1242 1954 1283 et
1996 1241 2182 1296 utraque

389 1316 537 1356 tamen
570 1314 841 1368 permanent.
865 1326 906 1354 33
987 1309 1346 1355 Substantiam
1371 1321 1381 1333 ·
1405 1310 1449 1354 id
1482 1314 1549 1355 est
1580 1322 1818 1368 personam
1842 1344 1853 1355 .
1876 1308 2180 1356 Substantiam

338 1395 371 1425 ιε
390 1383 477 1428 hoc
517 1383 620 1427 loco
661 1382 907 1427 secundum
941 1380 1139 1426 Graecos
1181 1393 1262 1439 pro
1295 1393 1487 1439 persona
1519 1381 1647 1439 ponit
1678 1416 1687 1426 .
1720 1381 1919 1426 Licenter
1957 1380 2078 1427 enim
2108 1379 2182 1427 vel

389 1454 634 1499 secundum
669 1453 848 1498 Latinos
869 1452 1159 1497 substantiam
1193 1464 1274 1510 pro
1298 1457 1449 1497 natura
1471 1453 1598 1511 ponit
1618 1453 1688 1498 vel
1711 1452 1960 1498 secundum
1983 1450 2185 1499 Graecos

390 1537 470 1583 pro
503 1537 707 1582 persona.
733 1541 774 1569 33

179 1617 315 1652 ¹³-2¹⁴.1
531 1608 632 1653 VIII.
678 1608 768 1653 Est
814 1608 966 1653 etiam
1015 1620 1152 1653 nunc
1199 1612 1247 1653 et
1295 1608 1397 1653 alia
1445 1608 1689 1666 quaestio
1725 1620 1734 1630 ·
1770 1606 2015 1666 Ingreditur
2050 1618 2185 1667 quae·

389 1681 578 1725 stionem
627 1692 728 1725 cum
777 1679 1171 1738 profundissimam
1218 1684 1310 1725 tum
1358 1679 1489 1725 etiam
1537 1679 1790 1733 utillimam,
1837 1678 2045 1725 videlicet
2089 1690 2184 1737 quo

335 1764 371 1793 20
390 1752 528 1797 modo
562 1751 759 1796 Christus
790 1752 887 1796 sine
919 1756 1105 1809 peccato
1137 1763 1237 1796 esse
1269 1751 1413 1809 potuit
1444 1763 1545 1796 cum
1578 1763 1632 1796 ex
1654 1751 1794 1796 Maria
1814 1750 1987 1809 virgine
2017 1762 2183 1809 corpus

389 1824 598 1880 suscepit,
640 1835 755 1880 quae
796 1823 840 1867 in
873 1822 1247 1880 praevaricatione
1289 1822 1416 1881 primi
1449 1823 1642 1880 parentis
1674 1822 1893 1880 peccatrix
1933 1821 2028 1877 fuit,
2068 1821 2184 1868 sicut

390 1898 432 1939 et
463 1907 599 1939 omne
630 1906 775 1952 genus
806 1895 1049 1939 humanum
1082 1928 1093 1939 .
1126 1894 1254 1939 Hanc
1286 1906 1395 1951 ergo
1427 1894 1736 1951 quaestionem
1777 1894 1885 1939 satis
1925 1893 2108 1952 pulchre
2138 1897 2183 1940 et

390 1966 596 2011 nobiliter
625 1966 829 2011 absolvit.
851 1982 893 2010 33
1014 1965 1084 2010 Ex
1115 1966 1279 2011 Maria
1319 1970 1581 2023 sumptum
1615 1977 1732 2011 esse
1773 1978 1877 2011 non
1918 1965 2137 2011 credunt
2167 1976 2180 1990 ·

388 2037 468 2082 sed
501 2038 652 2082 dicunt
692 2050 791 2082 esse
831 2038 1066 2083 formatum
1109 2049 1162 2082 ex
1203 2037 1448 2091 elementiS,
1488 2038 1656 2083 scilicet
1696 2042 1742 2083 ut
1781 2050 1900 2084 nova
1939 2049 2044 2084 caro
2082 2037 2182 2084 sine

334 2119 371 2149 25
390 2113 573 2166 peccato
606 2113 867 2153 nasceretur.
889 2125 931 2154 33
992 2108 1328 2154 Adunatione
1352 2121 1362 2132 ·
1384 2109 1698 2155 incarnatione.
1720 2126 1763 2155 33
1824 2108 1983 2155 Aiunt
2011 2109 2179 2155 enim·

388 2192 423 2224 s,
447 2180 507 2224 illi
540 2180 615 2237 qui
648 2184 813 2237 negant
844 2179 1063 2225 Christum
1098 2180 1154 2225 de
1185 2180 1325 2225 Maria
1357 2185 1523 2226 natum.
1545 2197 1588 2226 33
1689 2180 1806 2226 Νοη
1843 2180 2016 2227 solum
2039 2192 2050 2205 ·
2072 2180 2180 2227 Nou

387 2251 535 2296 solum
568 2255 753 2309 peccant
784 2252 990 2296 homines
1022 2251 1066 2296 in
1108 2252 1481 2309 praevaricatione
1522 2253 1650 2310 primi
1683 2253 1893 2307 hominis,
1933 2252 2015 2299 sed
2045 2251 2178 2299 etiam

388 2323 659 2367 voluntatem
693 2323 858 2368 habent
889 2323 1104 2381 peccandi
1126 2328 1169 2369 et
1201 2324 1304 2369 ideo
1326 2329 1441 2369 recte
1473 2325 1726 2382 puniuntur.
1749 2341 1791 2370 33
1851 2324 2178 2371 Affectibus·

389 2398 670 2451 peccatorum
703 2394 947 2439 desideriis.
970 2412 1012 2441 33
1118 2394 1411 2453 Implicitus
1434 2408 1444 2419 ·
1468 2395 1574 2441 Ideo
1606 2396 1775 2454 primus
1807 2396 1947 2442 homo
1978 2400 2180 2443 mortuus

334 2477 372 2507 ω
390 2465 492 2522 quia
515 2466 733 2523 peccavit;
765 2466 869 2511 ideo
890 2466 1021 2511 etiam
1044 2466 1277 2512 affectibus
1309 2467 1477 2525 peccati
1500 2468 1762 2513 succumbit.
1785 2484 1828 2513 33
1889 2467 2177 2514 Peccandi·

389 2536 561 2582 Primus
601 2538 740 2583 homo
780 2538 967 2583 liberum
1009 2538 1163 2583 habuit
1193 2539 1415 2584 arbitrium
1454 2540 1578 2597 quod
1612 2544 1775 2585 rectum
1809 2544 1900 2585 erat
1929 2543 1974 2585 et
2002 2550 2177 2595 mum,

390 2607 494 2664 quia
533 2612 695 2665 sponte
735 2613 778 2653 et
818 2620 899 2666 pro
940 2613 1092 2654 natura
1141 2614 1312 2667 poterat
1350 2610 1530 2655 virtutes
1570 2611 1753 2669 diligere
1802 2615 1846 2656 et
1883 2611 2019 2656 vitare
2057 2610 2177 2665 vitia,

390 2689 537 2735 neque
568 2678 686 2723 enim
731 2679 923 2725 habebat
965 2680 1010 2724 in
1053 2692 1102 2725 se
1146 2681 1312 2726 bellum
1344 2682 1549 2727 vitiorum
1559 2697 1570 2735 ;
1614 2682 1694 2727 sed
1739 2686 1978 2740 postquam
2018 2681 2178 2728 volens

390 2749 602 2807 peccavit.
645 2750 791 2795 amisit
834 2750 1018 2796 liberum
1063 2752 1285 2797 arbitrium
1331 2753 1375 2798 in
1419 2753 1559 2807 bon0,
1604 2754 1662 2798 ita
1706 2753 1870 2799 utiam
1915 2753 2023 2799 nihil
2066 2753 2177 2800 boni

334 2820 544 2867 assaltem
576 2820 691 2867 velle
732 2822 875 2879 possit
914 2822 1011 2868 sine
1056 2823 1198 2868 solius
1237 2823 1308 2868 dei
1350 2829 1566 2882 respectu,
1608 2829 1651 2869 at
1681 2836 1788 2870 vero
1833 2825 1876 2870 in
1919 2824 2086 2870 malum
2117 2824 2178 2871 ita

390 2892 562 2946 corruit,
595 2896 642 2938 ut
672 2904 764 2938 non
795 2893 942 2939 solum
965 2893 1138 2949 volens,
1169 2895 1250 2939 sed
1282 2895 1412 2940 etiam
1447 2895 1606 2940 nolens
1639 2900 1824 2954 peccet.
1849 2896 1981 2942 Unde
2009 2896 2176 2943 malum

389 2963 570 3021 quidem
602 2976 629 3009 a
660 2964 794 3010 nobis
834 2965 944 3023 ipsis
984 2965 1203 3011 habemus
1233 2971 1277 3011 et
1306 2978 1360 3011 ex
1401 2967 1547 3019 nobis,
1589 2967 1759 3012 bonum
1802 2970 1949 3013 autem
1989 2971 2178 3014 tantum-

532 3117 556 3155 4
574 3117 705 3164 salsch
725 3119 880 3167 gestem
902 3118 943 3157 In
968 3118 1047 3157 MP
1067 3120 1159 3168 (ng.
1176 3120 1272 3158 oben
1298 3120 1354 3163 77,
1373 3121 1435 3166 w)
1603 3120 1628 3158 9
1668 3119 1784 3168 Supra
1810 3121 1893 3169 eta]
1917 3121 2178 3171 ultanum

391 3173 531 3215 olom
551 3176 591 3215 tn
615 3178 689 3215 den
714 3177 1017 3226 Handscnrr'sten
1146 3179 1194 3217 22
1219 3182 1308 3217 satis
1335 3180 1379 3222 U,
1406 3181 1534 3218 saltem
1562 3180 1595 3217 F
