2352 3568
7 311 30 454 ,ffae12m2‘a
19 291 22 293 -
9 244 22 270 ²
23 105 24 108 „
22 51 33 66 2

859 279 1048 327 Remigius
1072 288 1148 315 von
1172 278 1344 315 Auxerre.
1944 280 2001 324 93

360 410 508 457 Unten
540 411 585 456 S.
613 411 709 465 104,
736 410 790 456 15
828 410 1078 455 Iordanis
1116 410 1212 468 (fol.
1242 409 1338 467 85):
1392 409 1467 455 lor
1493 411 1541 455 et
1567 408 1677 455 Dan
1707 410 1774 454 ad
1802 410 1999 455 radicem

216 482 376 528 Libani
414 483 633 532 oriuntur,
673 484 753 539 qui
787 483 860 527 est
895 494 1027 526 mons
1057 481 1266 526 phenicis
1298 516 1308 526 .
1347 481 1437 526 Ubi
1473 494 1584 526 vero
1624 494 1763 526 unum
1802 480 2004 538 efficitur

207 553 401 611 flumen,
446 555 611 598 iunctis
651 552 890 598 vocabulis
931 552 1194 610 appellatur
1231 553 1452 598 Iordanis.
1521 553 1587 598 Cf.
1626 553 1756 598 Com.
1794 554 1839 597 in
1885 553 1999 598 Gen.

218 625 392 682 (Migne
412 625 509 678 131,
520 624 617 682 85):
634 622 743 668 Dan
753 623 868 681 fons
883 625 955 668 est
967 637 1028 668 ex
1040 636 1130 680 quo
1145 624 1354 669 Iordanis
1368 623 1581 681 efficitur.
1603 624 1727 668 Nam
1743 624 1835 669 duo
1840 623 2000 681 fontes

218 698 328 741 sunt
355 695 420 740 ad
449 695 627 740 radices
657 696 826 739 montis
855 695 1025 745 Libani,
1057 695 1132 739 lor
1159 696 1207 739 et
1232 693 1355 746 Dan,
1386 697 1467 752 qui
1495 696 1638 740 iuncti
1666 695 1905 740 Iordanem
1936 695 1999 752 ef-

208 766 391 824 ficiunt.
424 766 491 811 Cf.
509 765 929 823 Homi1.111(Migne
949 766 1047 820 131,
1060 766 1185 823 884):
1207 767 1318 823 quia
1328 766 1545 811 Iordanes
1557 779 1588 810 a
1606 766 1784 811 duobus
1788 766 2000 823 fontibus

217 839 433 888 nascitur,
466 837 517 882 id
535 839 608 881 est
625 850 655 881 a
675 837 749 881 lor
766 839 813 881 et
829 835 951 887 Dan,
983 839 1063 894 qui
1087 839 1298 882 oriuntur
1319 837 1385 881 ad
1413 838 1612 882 radicem
1642 839 1811 882 montis
1827 838 1997 883 Libani.

358 931 507 978 Unten
539 932 584 977 S.
606 932 773 985 104,18
804 932 1185 990 Hierosolyma
1215 932 1310 989 (fol.
1333 932 1428 990 95):
1460 933 1688 976 Trinomia
1708 934 1800 977 est:
1827 932 1997 983 Salem,

217 1005 265 1048 in
302 1015 395 1060 qua
425 1003 583 1048 dicunt
620 1015 836 1059 regnasse
864 1002 1214 1053 Melchisedech:
1251 1005 1418 1060 postea
1446 1003 1575 1048 lebus
1614 1004 1751 1054 dicta,
1791 1017 1845 1049 eo
1875 1004 2002 1061 quod

215 1074 402 1120 subdita
421 1074 523 1132 fuit
548 1074 767 1123 lebuseis:
807 1086 868 1118 ex
902 1076 1004 1118 istis
1035 1074 1212 1119 duobus
1241 1075 1498 1119 nominibus
1526 1074 1792 1125 Ierusalem:
1829 1076 1999 1120 leroso-

214 1146 418 1191 lomonia
438 1146 563 1190 dicta
582 1147 653 1190 est
671 1159 702 1189 a
719 1145 969 1190 Salomone
988 1158 1104 1202 rege.
1154 1146 1220 1190 Cf.
1235 1146 1363 1190 Com.
1384 1147 1429 1189 in
1452 1146 1567 1192 Gen.
1581 1147 1755 1203 (Migne
1780 1148 1877 1200 131,
1901 1147 1996 1204 85):

213 1217 348 1262 Hunc
376 1217 696 1262 Melchisedech
728 1252 738 1262 .
762 1251 773 1262 .
797 1251 807 1262 .
838 1218 1015 1261 vixisse
1044 1224 1188 1273 usque
1216 1217 1282 1261 ad
1310 1219 1488 1274 tempus
1508 1217 1650 1262 Isaac.
1700 1217 1857 1261 Salem
1886 1231 1998 1262 vero

215 1290 381 1333 civitas
422 1291 524 1346 ipsa
566 1290 639 1332 est
673 1287 975 1338 Hierusalem,
1020 1289 1259 1346 trionyma,
1300 1287 1468 1338 Salem,
1508 1288 1649 1338 lebus,
1693 1288 1995 1332 Hierusalem.

213 1359 348 1404 Hanc
386 1361 506 1404 enim
546 1360 785 1404 tenuerunt
818 1359 1021 1403 lebusaei
1059 1360 1107 1403 et
1142 1361 1427 1403 vocaverunt
1462 1372 1565 1403 eam
1594 1359 1745 1404 lebus:
1788 1362 1856 1404 sic
1894 1373 1996 1404 con-

214 1432 379 1476 iunctis
408 1430 664 1475 nominibus
692 1430 818 1474 dicta
847 1429 1148 1475 Hierusalem.

357 1513 506 1558 Unten
527 1513 572 1558 S.
592 1513 759 1566 102,13
780 1525 846 1557 ex
865 1514 1108 1569 utrisque
1129 1513 1223 1570 (fol.
1237 1513 1333 1570 94):
1357 1548 1367 1558 .
1382 1548 1391 1558 .
1405 1549 1415 1558 .
1429 1548 1439 1558 .
1457 1526 1565 1558 nam
1576 1512 1740 1558 David
1753 1513 1994 1564 Christum,

218 1583 335 1629 Saul
362 1584 525 1629 ludeos
555 1584 779 1641 designat.
840 1583 1167 1640 Interpretatur
1203 1586 1357 1628 autem
1386 1583 1549 1628 David
1578 1597 1716 1629 manu
1747 1584 1892 1641 fortis
1920 1585 1999 1628 vel

215 1657 323 1700 visu
370 1655 700 1700 desiderabilis,
789 1654 856 1700 cf.
906 1655 1136 1713 „Haymo“
1193 1655 1341 1701 Enarr.
1388 1656 1434 1700 in
1479 1655 1605 1703 Cant.
1650 1655 1774 1700 Cant.
1822 1655 1995 1713 (Migne

217 1726 315 1780 117,
331 1726 457 1783 317):
488 1725 651 1770 David
668 1727 748 1783 qui
779 1727 1104 1783 interpretatur
1121 1739 1259 1771 manu
1280 1726 1425 1783 fortis
1443 1726 1523 1771 vel
1538 1729 1644 1771 visu
1665 1726 1992 1777 desiderabilis,

219 1795 449 1842 Christum
476 1796 725 1854 significat.

356 1880 504 1926 Unten
526 1880 570 1924 S.
595 1881 692 1933 104,
706 1880 764 1924 36
796 1882 943 1924 iacet
971 1880 1146 1924 tribus
1175 1880 1364 1925 diebus
1384 1894 1445 1924 ac
1474 1881 1724 1925 noctibus
1745 1883 1796 1925 in
1816 1881 1994 1938 sepul-

214 1951 339 1996 chro
369 1951 464 2008 (fol.
487 1951 545 1996 95
553 1951 612 2009 v):
645 1951 683 1995 A
705 1952 802 1995 toto
826 1953 1008 2008 partem
1029 1951 1232 2008 intellige
1252 1986 1263 1996 .
1284 1952 1392 1996 Non
1424 1953 1543 1996 enim
1574 1954 1665 1996 nisi
1694 1965 1787 1996 una
1817 1954 1995 2008 integra

214 2022 289 2066 die
327 2024 471 2067 iacuit
517 2024 564 2066 in
605 2022 836 2079 sepulchro
874 2056 1023 2067 .....
1062 2024 1155 2067 tres
1193 2023 1293 2066 dies
1334 2023 1611 2079 totidemque
1649 2025 1804 2067 noctes
1841 2025 1995 2067 sine-

214 2093 469 2138 dochicos
508 2093 607 2150 (sic)
648 2093 871 2138 dicuntur.
954 2093 1020 2138 Cf.
1066 2093 1295 2150 ¹,Haym0“
1340 2093 1452 2150 Exp.
1484 2094 1528 2137 in
1570 2093 1615 2138 S.
1656 2094 1780 2137 Pauli
1821 2094 1903 2151 Ep.
1937 2095 1993 2138 ad

214 2164 358 2211 Galat.
386 2164 559 2221 (Migne
592 2165 689 2218 117,
712 2164 837 2221 681);
883 2163 1044 2208 Potest
1071 2166 1191 2208 enim
1228 2164 1682 2223 synechdochicos
1712 2166 1868 2220 accipi,
1909 2165 1995 2208 hoc

213 2237 284 2280 est
313 2249 344 2280 a
373 2237 472 2280 toto
495 2248 624 2292 pars.

354 2317 424 2362 Tr.
446 2318 504 2362 tv
523 2318 620 2371 177,
637 2317 696 2362 65
738 2317 838 2375 (nur
868 2318 912 2361 in
944 2317 1031 2374 M):
1077 2318 1294 2362 Tartarus
1325 2318 1493 2362 dicitur
1519 2305 1709 2362 ‹2215'1027
1739 2322 1994 2374 ταρταρίζειν

215 2389 324 2446 (apo
354 2390 547 2433 tuorisin
577 2389 712 2446 cod.),
744 2389 830 2433 hoc
858 2390 931 2433 est
957 2402 989 2433 a
1019 2388 1285 2445 confusione
1312 2390 1391 2434 vel
1418 2391 1624 2434 tremore.
1671 2390 1807 2434 Diese
1828 2389 1993 2435 Glosse

213 2460 352 2504 bildet
391 2460 614 2505 vielleicht
653 2461 815 2504 keinen
857 2459 951 2504 Teil
995 2460 1075 2504 des
1119 2461 1484 2517 ursprungliehen
1527 2461 1855 2514 Kommentars3
1902 2461 1992 2517 vgl.

214 2532 375 2588 jedoch
408 2531 534 2576 Com.
556 2531 602 2575 in
624 2531 849 2576 Donatum
881 2532 1094 2576 maiorem
1116 2532 1186 2577 ed.
1210 2532 1383 2588 Hagen,
1415 2532 1585 2577 Anecd.
1607 2532 1736 2576 Helv.
1760 2545 1804 2589 p.
1826 2532 1927 2585 237,
1945 2532 1993 2576 6:

214 2603 263 2646 et
298 2601 466 2646 dicitur
493 2602 709 2646 Tartarus
746 2604 832 2646 ἀπὸ
871 2608 945 2646 τσῦ
976 2606 1241 2658 ταρταρίζειν,
1281 2603 1332 2646 id
1369 2605 1442 2647 est
1476 2616 1508 2647 a
1547 2604 1741 2647 tremore
1778 2602 1856 2647 vel
1892 2615 1995 2647 con-

205 2671 393 2728 fusione
423 2673 515 2717 und
547 2672 675 2718 Com.
703 2673 748 2717 in
781 2672 1010 2718 Sedulium
1042 2674 1112 2718 ed.
1144 2674 1340 2718 Huemer
1370 2687 1414 2731 p.
1436 2673 1537 2728 358,
1560 2674 1637 2718 20:
1681 2674 1898 2718 Tartarus
1928 2673 1995 2717 di-

215 2745 334 2787 citur
354 2742 650 2800 profunditas
674 2743 839 2800 inferni
867 2757 970 2801 apo
1001 2746 1294 2788 tartarizin
1325 2744 1374 2801 (a
1387 2746 1668 2801 portarrizin
1690 2744 1824 2801 cod.),
1856 2744 1908 2788 id
1926 2746 1999 2788 est

214 2826 247 2858 a
275 2815 478 2858 tremore.
1948 2867 1950 2869 ¹

358 2896 507 2941 Unten
539 2897 583 2942 S.
610 2898 707 2951 104,
725 2898 783 2941 24
821 2898 1059 2942 secunda
1089 2898 1282 2943 mulier
1317 2898 1412 2955 (fol.
1441 2898 1536 2955 95):
1582 2898 1754 2942 Mulier
1781 2910 1920 2942 sexus
1950 2899 1998 2941 et

216 2968 409 3012 naturae
446 2980 609 3012 nomen
648 2970 729 3018 est,
769 2981 861 3013 non
899 2970 1213 3026 corruptionis.
1283 2969 1407 3025 Ergo
1452 2968 1604 3012 nullus
1643 2968 1992 3018 scandalizetur,

217 3050 319 3082 cum
339 3037 397 3082 de
415 3038 573 3082 Maria
601 3051 779 3095 quoque
807 3039 941 3083 audit
970 3039 1171 3084 ‘mulier'.
1224 3040 1290 3084 Cf.
1314 3039 1441 3084 Com.
1465 3040 1510 3083 in
1531 3039 1682 3083 Sedul.
1705 3040 1775 3083 ed.
1798 3039 1996 3083 Huemer

217 3121 262 3165 p.
283 3108 385 3162 333,
407 3108 454 3152 5:
487 3108 673 3153 Femina
692 3111 740 3153 et
767 3108 931 3153 mulier
957 3122 1047 3153 non
1067 3112 1176 3154 sunt
1194 3112 1379 3154 nomina
1400 3111 1711 3167 corruptionis,
1743 3110 1827 3154 sed
1855 3122 1995 3154 sexus

187 3192 189 3195 ’
218 3180 267 3223 et
293 3180 500 3229 naturae,
533 3192 641 3223 nam
670 3181 805 3236 virgo
835 3181 882 3224 et
900 3179 1082 3236 semina
1111 3182 1159 3224 et
1187 3180 1350 3224 mulier
1370 3182 1527 3237 potest
1555 3179 1790 3237 appellari.
