2352 3568
26 255 46 324 ’,εἴ
61 327 65 330 ,

24 2424 25 2429 Α
23 2380 26 2383 ’
23 2190 26 2191 =
19 2124 22 2150 ⁴⁴
17 2075 22 2080 ⁴
16 2043 23 2050 ¹*
19 2018 22 2019 =
19 1968 25 1991 ‹-
15 1915 26 1922 ῐ
16 1806 25 1834 „*
24 1668 29 1693 v„
26 1626 31 1650 ,4
22 1438 24 1441 .
22 1379 26 1382 ,
28 1338 30 1340 ⁴
23 1303 25 1306 Α
23 1275 25 1278 Α
10 1163 12 1166 ·
8 1041 31 1077 „⁹¹⁴
3 716 30 1018 l-wv'wo-sAEZj-VsJ'sti'
3 663 10 675 ·”
3 567 30 631 --ὐήζ

31 2141 63 2506 nik-psum}“swam(wcfiss'i²ae§·
45 2112 49 2124 »Α
32 2053 59 2098 *Usa
26 1978 59 2035 ’,ἰν
51 1958 56 1962 Α
33 1893 61 1929 533·
26 1822 59 1864 ‘23¹3'
33 1735 55 1804 ¹37¹».3,
39 1700 46 1712 ’ἐ
34 1639 54 1678 1(ἳῆ
34 1541 47 1614 ’““<««“ῑ’
32 1516 54 1522 ,¹
31 1478 37 1499 “““
47 1460 49 1463 .
29 1389 51 1443 &⁴³
31 1315 50 1348 Ἦ,
30 1239 49 1279 ”“Ῑ-“
32 1215 34 1217 “
26 1131 51 1195 ζ’”““’,“
33 1107 35 1109 “
38 1069 47 1090 -ᾼ
33 1026 45 1038 2
27 875 46 966 4⁴-“‘›⁴*³'''v'⁴'
28 718 46 827 'nbat-253⁴*
42 671 50 692 Ἰ..
30 578 46 608 Ψ
58 543 59 546 „

894 233 1085 282 Remigius
1109 243 1185 270 von
1209 233 1381 270 Auxerre.
1957 234 2041 279 105

6 374 154 416 ‚m
167 372 222 403 210
258 365 433 410 occisus
469 369 537 410 est
566 369 610 410 et
638 365 851 423 sepultuS,
883 377 984 411 cum
1024 370 1156 411 nocte
1196 364 1486 423 praecedente
1517 368 1561 408 et
1598 364 1786 409 sabbato
1826 376 1927 409 cum
1959 377 2039 409 sua

257 440 388 481 nocte
409 440 452 480 et
472 440 603 482 nocte
635 437 870 491 dominica,
902 436 1193 494 consequenti
1224 437 1296 481 die
1327 436 1666 489 resurrectionis,
1698 440 1785 480 tres
1817 436 1913 480 dies
1942 437 2038 480 toti-

257 507 449 564 demque
480 512 635 553 noctes
665 508 977 553 sinedochicos
1009 508 1222 554 dicuntur.
1244 524 1287 552 33
1377 507 1648 552 Ecclesiae
1672 519 1682 528 ·
1707 506 1904 552 Ecclesia
1935 519 2039 552 con-

255 579 431 623 vocatio
462 579 533 623 vel
564 582 824 632 conventus,
866 592 1099 637 synagoga
1130 579 1432 636 congregatio,
1472 579 1585 624 sicut
1625 590 1717 623 non
1748 590 1925 635 semper
1956 591 2037 635 pro

221 656 239 685 ⁵
257 650 515 706 aequalitate
547 650 735 707 ponitur.
757 667 799 695 33
858 650 1091 695 Membra
1114 662 1123 672 ·
1147 650 1319 695 Cotidie
1342 649 1538 695 Christus
1570 649 1767 694 membra
1798 661 1880 693 sua
1900 649 1956 693 ad
1989 661 2039 693 se

257 720 436 777 colligit,
469 721 571 778 quia
601 721 763 766 cotidie
794 722 1039 767 ascendunt
1069 722 1242 766 animae
1272 725 1523 766 sanctorum
1554 721 1599 765 in
1631 721 1819 765 caelum.
1841 736 1883 765 ss
1952 719 2040 765 Se-

258 795 539 848 querentur
572 804 583 814 ·
618 792 780 837 Dicunt
810 793 989 849 quidam
1029 793 1126 837 sola
1166 797 1417 838 sanctorum
1458 804 1644 850 corpora
1688 792 1732 836 in
1771 792 1848 845 ,die
1891 792 2039 837 iudicii

257 862 427 919 absque
448 863 727 920 corruptione
749 875 849 908 esse
870 868 1157 908 resurrectura
1179 898 1190 908 .
1213 864 1329 909 Hinc
1350 868 1394 908 et
1413 863 1643 921 apostolus
1666 863 1707 920 (l
1737 862 1838 908 Cor.
1861 863 1928 916 15,
1942 862 2039 920 51):

257 945 416 978 omnes
437 933 615 990 quidem
637 946 931 991 resurgemus,
958 935 1038 979 sed
1060 947 1152 980 non
1174 947 1333 980 omnes
1353 935 1680 979 immutabimur
1700 968 1711 979 .
1735 933 1872 988 Quod
1894 938 2039 978 autem

205 1012 240 1040 ¹⁰
258 1004 467 1049 dominus
498 1004 602 1050 dicit
630 1005 676 1049 in
708 1006 941 1062 evangelio
973 1005 1091 1062 (Luc.
1114 1006 1185 1059 21,
1209 1006 1281 1063 18)
1320 1010 1418 1051 ‘nec
1438 1006 1623 1063 capillus
1651 1006 1707 1050 de
1729 1006 1871 1062 capite
1892 1009 2039 1050 vestro

258 1075 426 1132 peribit'
459 1076 516 1121 de
535 1076 645 1121 solis
666 1076 816 1121 electis
847 1076 1128 1133 intelligitur.
1151 1077 1459 1121 Verumtamen
1490 1077 1527 1133 si
1550 1088 1708 1122 omnes
1739 1076 2037 1133 praecisiones

257 1146 515 1204 capillorum
538 1151 581 1192 et
602 1147 877 1192 defluxiones
899 1159 952 1192 ac
982 1149 1289 1205 praesegmina
1320 1149 1535 1205 unguium
1567 1159 1745 1192 necnon
1776 1148 2041 1191 mutationes

256 1218 368 1263 cutis
413 1219 672 1275 corporibus
711 1218 950 1263 electorum
999 1219 1153 1263 iterum
1201 1219 1294 1263 suis
1342 1219 1453 1264 locis
1501 1218 1790 1275 applicandae
1829 1222 1944 1271 sunt,
1994 1222 2042 1262 ut

258 1289 420 1346 unguis
458 1290 503 1334 in
543 1301 753 1346 unguem,
794 1290 979 1346 capillus
1018 1290 1063 1333 in
1103 1290 1323 1347 capillum,
1374 1290 1484 1335 cutis
1524 1290 1568 1333 in
1609 1293 1754 1334 cutem
1793 1293 2038 1342 revertatur,

204 1372 239 1401 ιε
257 1373 420 1417 magna
449 1360 701 1405 deformitas
732 1361 945 1405 creabitur
975 1395 985 1405 .
1017 1360 1107 1405 Sed
1138 1361 1382 1414 sciendum,
1421 1361 1522 1417 quia
1554 1372 1859 1416 quaecumque
1891 1372 1916 1403 a
1946 1371 2040 1404 cor·

257 1431 440 1488 poribus
471 1432 649 1489 dempta
669 1436 773 1476 sunt
801 1444 893 1476 non
916 1432 1095 1489 quidem
1127 1432 1172 1476 in
1203 1432 1389 1489 propriis
1411 1431 1619 1488 partibus,
1646 1431 1727 1475 sed
1747 1431 1856 1475 infra
1877 1442 2039 1488 corpus

256 1507 398 1547 totum
429 1507 669 1559 resurgent,
700 1503 758 1547 ita
788 1508 836 1547 ut
866 1503 972 1547 nihil
994 1503 1178 1547 omnino
1201 1515 1255 1547 ex
1276 1515 1331 1547 eo
1354 1505 1502 1560 pereat
1524 1537 1533 1547 .
1557 1502 1733 1558 Eritque
1765 1502 1837 1546 illa
1867 1506 2039 1546 sancto-

258 1586 354 1618 rum
396 1574 650 1619 resurrectio
687 1575 732 1618 in
763 1575 903 1619 virum
947 1574 1185 1631 perfectum
1229 1574 1273 1618 in
1321 1586 1525 1618 mensura
1565 1573 1716 1618 aetatis
1753 1572 2038 1630 plenitudinis

258 1644 428 1698 Christi,
461 1657 545 1690 nec
575 1646 758 1690 excedet
787 1658 992 1690 mensura
1022 1658 1273 1689 mensuram
1305 1657 1450 1702 neque
1482 1649 1600 1689 aetas
1632 1648 1830 1697 aetatem,
1862 1644 1944 1688 sed
1975 1644 2037 1688 in-

204 1728 241 1756 20
257 1715 399 1760 fantes
430 1718 474 1760 et
503 1728 636 1760 senes
676 1715 797 1774 p'arvi
828 1720 871 1761 et
902 1717 1052 1773 magni
1092 1717 1138 1760 in
1178 1716 1368 1773 perfecta
1399 1720 1538 1760 aetate
1570 1715 1726 1760 Christi
1758 1719 1801 1760 et
1831 1727 2037 1759 mensura

259 1787 457 1844 corporis
487 1787 603 1831 illius
633 1792 892 1844 resurgent.
922 1787 990 1831 De
1021 1787 1281 1844 corporibus
1339 1791 1458 1831 utem
1489 1787 1777 1843 reproborum
1809 1786 1913 1830 dare
1943 1798 2036 1830 non

259 1869 500 1914 possumus
521 1858 735 1915 exempla,
767 1859 889 1915 quod
910 1858 1250 1915 incorruptibilia
1271 1800 1511 1914 rgurgant,
1538 1858 1619 1902 sed
1639 1861 1806 1901 tantum
1828 1857 2036 1914 scripturn

258 1928 487 1982 habemus,
509 1929 611 1986 quia
632 1930 710 1973 erit
733 1933 910 1986 tempus
941 1941 1094 1974 eorum
1131 1929 1176 1973 in
1207 1929 1395 1982 saecula,
1436 1929 1481 1973 id
1506 1933 1575 1973 est
1604 1941 1725 1973 mors
1755 1929 1851 1972 sine
1883 1932 2036 1981 morte,

259 1999 456 2045 defectus
486 2000 582 2045 sine
613 2000 799 2046 defectu.
821 2017 864 2045 33
974 2000 1331 2058 Unaquaeque
1360 2012 1370 2022 ·
1399 2000 1446 2044 In
1478 2000 1799 2045 consuetudine
1830 1999 2035 2044 cantandi

203 2070 346 2116 2⁵hoc
376 2075 559 2116 constat.
581 2087 624 2115 33
728 2071 887 2115 Prout
925 2072 1113 2128 cuique
1154 2072 1287 2116 bene
1317 2072 1485 2116 visum
1525 2076 1636 2115 est·
1658 2071 1774 2115 Nam
1807 2073 1850 2114 et
1881 2071 2036 2114 beatus

254 2140 528 2198 Augustinus
549 2142 875 2187 Deboracensis
906 2142 1146 2199 episcopus
1166 2168 1227 2173 —
1246 2142 1505 2187 Deboracus
1536 2142 1654 2186 enim
1686 2141 1942 2198 metropolis
1970 2145 2037 2185 est

255 2212 502 2257 Britanniae
522 2238 582 2244 --
602 2225 703 2257 cum
734 2225 759 2256 a
789 2217 943 2257 sancto
966 2212 1183 2269 Gregorio
1215 2213 1377 2257 missus
1408 2213 1464 2256 ad
1486 2212 1658 2268 Anglos
1689 2211 2037 2269 proficisceretur

254 2283 579 2328 convertendos
600 2283 656 2328 ad
676 2283 811 2327 fidem
834 2283 1004 2336 Christi,
1030 2284 1245 2327 transiens
1266 2296 1344 2340 per
1364 2284 1443 2328 iter
1463 2283 1700 2328 Galliarum
1721 2283 1829 2327 vidit
1848 2283 1908 2327 ibi
1930 2294 2035 2327 con-

253 2355 510 2399 suetudines
525 2355 840 2400 ecclesiasticas
857 2355 1200 2408 decentissimas,
1219 2366 1332 2410 quae
1349 2354 1517 2399 Romae
1534 2354 1632 2398 usui
1648 2366 1740 2398 non
1755 2358 1887 2406 erant,
1902 2365 2037 2410 super

200 2434 238 2463 ³⁰
255 2426 417 2482 quibus
447 2426 619 2482 scripsit
656 2426 787 2470 beato
820 2425 1037 2482 Gregorio
1069 2426 1356 2482 interrogans,
1387 2426 1425 2469 si
1456 2425 1550 2469 illas
1582 2425 1769 2482 privatas
1800 2429 2034 2469 consuetu-

255 2496 381 2540 dines
421 2497 567 2541 liceret
602 2496 824 2541 observari
852 2531 862 2541 .
892 2496 973 2541 Cui
1013 2497 1083 2541 ille
1123 2496 1350 2553 respondit
1392 2496 1498 2540 nihil
1541 2496 1717 2548 obesse,
1760 2495 1841 2539 sed
1885 2495 2032 2551 potius

254 2568 482 2624 prodesse,
522 2568 560 2611 si
599 2580 668 2612 res
708 2567 1027 2612 ecclesiasticae
1068 2567 1273 2612 decenter
1310 2567 1575 2619 ordinentur,
1625 2566 1874 2610 dummodo
1919 2566 2032 2610 fides

254 2638 410 2683 eadem
447 2638 710 2683 inviolabilis
750 2643 1003 2695 permaneat
1045 2638 1210 2695 ubique
1241 2671 1252 2682 .
1283 2637 1473 2682 Alteram
1513 2637 1631 2681 enim
1663 2637 2031 2681 consuetudinem

394 2768 419 2805 3
443 2768 722 2804 Ecclesiae
755 2767 837 2814 eta]
864 2777 936 2804 om.
953 2767 988 2803 B
1160 2767 1182 2803 7
1207 2767 1343 2803 Dicunt
1366 2787 1415 2792 --
1438 2766 1461 2802 8
1485 2767 1726 2802 resurrectura
1751 2776 1823 2802 om.
1840 2765 1875 2802 Β
1900 2766 1958 2810 (es
1981 2766 2034 2802 ist

252 2837 341 2864 vom
366 2827 482 2863 obern
506 2826 621 2866 Rand
642 2828 979 2874 weggeschnitten)
1093 2826 1117 2863 9
1142 2836 1374 2873 resurgemus
1399 2846 1447 2851 —
1474 2826 1518 2861 10
1543 2826 1738 2872 evangelio
1764 2835 1836 2861 om.
1853 2824 1888 2860 Β
1914 2825 2029 2871 (weg-

250 2886 504 2933 geschnitten)
677 2887 716 2922 11
745 2889 777 2922 si
803 2897 934 2922 omnes
959 2888 1208 2932 praecisiones
1234 2895 1306 2922 om.
1326 2885 1360 2921 Β
1386 2885 1737 2931 (weggeschnitten)
1900 2884 1943 2920 19
1969 2894 2029 2919 ex-

254 2945 359 2981 cedat
382 2945 542 2991 LFO)B
663 2946 710 2982 22
734 2949 924 2993 resurgent
938 2945 981 2989 (2)
1007 2945 1070 2981 LF
1189 2945 1246 2981 24.
1265 2945 1311 2981 25
1336 2945 1428 2980 ratio
1454 2946 1492 2979 in
1517 2943 1785 2979 consuetudine
1810 2943 1964 2979 canendi
1991 2945 2028 2978 in

253 3004 432 3040 aecclesia
456 3005 529 3040 hoc
554 3006 696 3041 constat
719 3004 782 3040 LF
895 3005 942 3041 25
965 3005 1060 3041 Nam
1084 3025 1132 3030 —-
1157 3004 1204 3040 28
1230 3003 1498 3040 convertendos
1524 3012 1597 3038 om.
1614 3002 1648 3037 B
1674 3002 2026 3049 (weggeschnitten)

252 3062 300 3098 28
323 3063 503 3110 gallorum
527 3063 590 3099 LF
657 3063 703 3100 29
728 3073 852 3099 romae
877 3065 960 3099 usui
985 3063 1028 3103 Β,
1053 3065 1223 3100 tomaeus
1249 3064 1306 3099 cui
1331 3062 1394 3098 LF
1460 3061 1508 3098 30
1532 3062 1657 3097 scribit
1672 3061 1735 3096 LF
1801 3060 1844 3097 31
1873 3061 1959 3096 licet
1970 3060 2034 3096 LF

251 3121 299 3158 33
315 3123 491 3158 inviolata
509 3122 572 3158 LF
709 3122 757 3158 33
780 3123 939 3158 Alteram
956 3142 1002 3148 --
1022 3123 1129 3165 106‚1
1156 3125 1279 3158 nostra
1292 3121 1375 3161 LM,
1398 3122 1459 3157 als
1478 3120 1828 3167 Intertinearglosse
1849 3119 1888 3160 F,
1911 3119 2029 3156 om.B
