2352 3568
405 225 464 271 36
1189 221 1422 265 annana.

193 366 226 397 Ρ.
242 365 303 401 1⁸².
319 366 353 396 ιο
407 356 567 403 Forma
583 356 655 401 dei
674 367 765 401 non
779 360 846 401 est
862 355 981 401 aliud
996 359 1038 400 et
1051 354 1169 399 aliud
1182 354 1278 399 eius
1294 365 1409 407 esse,
1427 353 1531 410 quia
1548 364 1640 398 non
1654 352 1835 399 aliunde
1848 353 2001 400 habuit
2013 366 2195 401 causam

405 428 475 475 vel
498 427 722 473 materiam
746 432 792 472 ut
813 427 1014 471 existeret
1044 461 1053 471 .
1087 425 1239 470 Homo
1261 436 1367 470 vero
1389 424 1509 469 aliud
1532 428 1598 469 est
1619 428 1662 469 et
1682 423 1802 469 aliud
1824 424 1921 470 eius
1942 436 2057 481 esse,
2089 425 2195 484 quia

404 500 552 545 anima
584 499 758 556 corpori
799 498 944 543 iuncta
983 497 1211 542 hominem
1244 496 1358 541 tacit.
1421 495 1527 541 Non
1568 499 1715 541 autem
1747 495 1896 541 solum
1929 507 2093 555 corpus
2122 497 2195 544 vel

404 571 501 616 sola
541 570 688 615 anima
729 571 867 614 homo
911 574 990 622 est,
1038 580 1146 625 ergo
1187 579 1286 613 esse
1331 567 1527 612 hominis
1570 566 1717 613 anima
1755 572 1798 612 et
1844 579 2008 626 corpus
2047 572 2128 624 est,
2168 580 2196 615 a

367 642 568 699 aquibus
600 642 738 686 homo
770 641 930 697 accipit
960 645 1006 685 ut
1036 640 1105 684 sit.
1131 652 1173 682 ss
1235 638 1304 683 Ex
1337 651 1436 696 qua
1468 650 1586 684 esse
1617 643 1695 684 est
1726 651 1736 662 ·
1770 639 1875 696 quia
1905 641 1949 684 et
1979 639 2123 687 forma
2151 644 2198 687 et

404 712 500 756 eius
532 723 631 756 esse
662 711 780 755 idem
814 716 892 756 est.
915 723 958 753 ss
1019 710 1088 755 Ex
1121 710 1287 755 torma
1318 714 1542 755 est·non
1564 722 1618 755 ex
1649 710 1830 756 materia
1851 723 1906 756 ex
1938 722 2028 769 qua
2057 715 2196 758 estse

404 781 583 828 Statua
602 794 611 804 ·
630 782 750 826 verbi
772 782 928 839 gratia:
953 781 1168 826 Herculis.
1189 793 1232 823 ss
1282 780 1386 826 Aes
1403 793 1413 803 ·
1432 781 1476 826 id
1499 786 1567 826 εει
1587 781 1827 827 metallum.
1849 794 1893 826 ⁸⁸
1943 781 2195 830 Formam·

404 853 447 898 id
480 858 546 898 est
576 853 772 910 speciem
805 865 938 910 quam
973 853 1119 897 habet.
1140 864 1183 895 ss
1281 852 1333 898 ln
1366 865 1429 898 eo
1452 864 1462 875 ·
1486 865 1522 899 s,
1545 864 1659 899 aere.
1681 869 1724 899 aa
1821 853 2079 912 Insignita
2100 865 2112 878 ·
2134 853 2196 901 ef·

402 924 566 981 iigiata.
586 936 629 966 ss
691 923 892 969 Dicitur
914 936 923 946 ·
946 937 982 969 s.
1006 936 1120 969 esse.
1142 937 1186 967 ss
1246 923 1350 970 Αεε
1372 936 1382 947 ·
1407 925 1464 970 ita
1497 924 1709 970 diffinitur
1739 937 1836 971 aes:
1868 937 1946 972 aes
1967 926 2194 972 metallum

352 1007 384 1035 ιο
403 995 525 1053 quod
558 1000 600 1040 et
631 1007 684 1040 ex
715 1000 824 1040 terra
855 996 1041 1041 sumitur
1071 996 1304 1041 rubicundi
1337 996 1514 1042 coloris.
1537 1009 1581 1039 8⁸
1700 997 1922 1042 Materia
1945 1008 1955 1020 ·
1978 997 2085 1044 dicit
2114 997 2196 1044 lob

403 1067 491 1123 (28,
515 1066 579 1124 2):
613 1067 771 1112 ferrum
793 1067 849 1112 de
880 1072 990 1113 terra
1021 1068 1185 1113 tollitur
1204 1073 1247 1113 et
1278 1068 1392 1126 lapis
1414 1068 1561 1128 calore
1591 1069 1765 1114 solutus
1787 1069 1830 1113 in
1853 1080 1931 1113 aes
1950 1068 2197 1115 vertituraa

403 1137 675 1195 Figuram·
700 1139 743 1183 id
776 1143 843 1184 est
874 1140 1085 1185 colorem.
1108 1152 1151 1183 ss
1235 1151 1368 1186 κΑτΑ
1398 1152 1409 1163 ·
1433 1140 1477 1185 id
1509 1144 1576 1185 est
1607 1140 1856 1185 secundum
1882 1173 1891 1183 .
1923 1150 2030 1186 τΗΝ
2059 1151 2071 1163 ·
2097 1140 2194 1187 arti·

400 1210 527 1254 culus
558 1243 568 1254 .
601 1220 739 1255 ΥΛΗΝ
769 1211 1028 1256 ·materiem
1060 1245 1070 1256 .
1106 1222 1207 1257 ΥΛΗ
1236 1216 1419 1256 vocatur
1457 1210 1628 1257 Graece
1669 1211 1871 1256 informis
1914 1211 2095 1257 materia
2135 1211 2195 1258 de

402 1292 489 1337 qua
521 1281 673 1325 omnia
703 1285 807 1326 sunt
837 1282 1016 1327 condita
1042 1316 1054 1327 .
1076 1282 1200 1328 Solet
1232 1287 1379 1327 autem
1412 1295 1437 1327 a
1469 1283 1618 1327 multis
1651 1282 1822 1340 quaeri:
1857 1282 1966 1340 quid
2006 1282 2082 1329 illa
2111 1282 2196 1329 fuit

350 1362 383 1391 ιε
402 1350 602 1396 inionnis
639 1353 818 1397 materia
850 1387 860 1397 .
892 1352 1147 1398 Substantia
1187 1366 1279 1399 non
1321 1354 1470 1407 extitit,
1513 1354 1618 1411 quia
1658 1354 1904 1400 substantia
1944 1365 2038 1400 non
2078 1358 2197 1401 caret

401 1421 555 1475 forma,
590 1422 661 1467 illa
684 1435 790 1467 vero
816 1423 912 1468 sine
944 1424 1086 1469 forma
1118 1424 1211 1478 tuit,
1245 1425 1364 1469 unde
1386 1429 1429 1470 et
1461 1425 1663 1470 informis
1695 1425 1811 1469 dicta
1833 1429 1901 1470 est
1923 1459 1934 1471 .
1956 1424 2078 1471 Nihil
2099 1438 2194 1473 non

401 1493 492 1546 fuit,
526 1494 629 1550 quia
662 1494 840 1539 materia
881 1494 961 1539 fuit
992 1498 1035 1540 et
1066 1496 1334 1541 mutabilitas
1367 1496 1644 1541 mutabilium
1679 1508 1821 1541 rerum
1854 1501 1898 1542 et
1928 1508 2069 1556 capax
2099 1509 2196 1544 om-

400 1564 521 1608 nium
554 1564 806 1609 formarum.
871 1565 992 1619 Quid
1025 1578 1133 1623 ergo
1165 1566 1272 1611 fuit?
1326 1567 1472 1625 Prope
1504 1567 1631 1612 nihil:
1665 1567 1709 1612 id
1742 1572 1809 1613 est
1839 1580 1894 1613 ex
1923 1580 2011 1615 suo
2041 1569 2195 1628 aliquo

400 1635 538 1679 nihilo
570 1639 673 1679 sunt
704 1647 756 1680 ea
789 1648 904 1693 quae
935 1641 1051 1682 sunt.
1068 1650 1112 1680 ss
1193 1637 1448 1683 Siccitate
1478 1651 1488 1661 ·
1513 1638 1735 1696 qualitate.
1759 1652 1803 1682 ss
1891 1638 2159 1687 Gravitate
2180 1652 2192 1665 ·

345 1717 382 1746 ω
399 1707 610 1763 speciem.
633 1719 676 1749 ss
766 1707 910 1753 Nihil
934 1721 944 1731 ·
969 1710 1089 1755 nulla
1121 1723 1204 1755 res.
1227 1722 1270 1753 ss
1351 1711 1592 1756 Formam
1617 1722 1627 1733 ·
1650 1710 1863 1768 speciem.
1885 1724 1929 1754 ss
2009 1711 2194 1759 Forma

399 1783 518 1822 est·
551 1778 663 1823 deus
707 1783 853 1824 autem
899 1792 991 1825 non
1036 1781 1215 1826 aliunde
1259 1781 1380 1826 unde
1423 1781 1480 1826 sit
1511 1786 1554 1826 et
1598 1781 1702 1827 ideo
1746 1782 1859 1827 deus
1903 1782 2016 1829 deus
2046 1787 2127 1830 εει.
2149 1796 2194 1828 ss

399 1849 522 1895 Ideo
564 1863 718 1895 unum
752 1863 762 1874 ·
795 1852 899 1909 quia
939 1853 1036 1898 sine
1077 1854 1257 1899 materia
1297 1858 1377 1899 est.
1410 1866 1453 1896 ss
1514 1853 1574 1899 Et
1613 1859 1692 1899 est
1722 1866 1732 1877 ·
1764 1867 1800 1900 s.
1832 1854 1931 1912 ipsa
1961 1854 2118 1901 torma.
2148 1867 2194 1899 aa

400 1919 553 1975 Quod
586 1927 696 1967 est·
721 1924 825 1981 quia
858 1924 1048 1982 simplex
1079 1938 1180 1971 esse
1212 1926 1359 1971 habet.
1381 1938 1425 1969 ss
1516 1925 1738 1984 Reliqua
1770 1939 1878 1972 non
1909 1932 2063 1973 sunt·
2086 1927 2192 1986 quia

398 1992 516 2037 aliud
548 1997 651 2038 sunt
681 1998 724 2039 et
755 1995 874 2040 aliud
907 2001 974 2041 est
1005 1998 1184 2042 materia
1217 2010 1388 2043 eorum.
1414 2010 1458 2040 ss
1561 1997 1991 2057 Unumquodque
2014 2010 2025 2022 ·
2048 1999 2093 2045 id
2124 2004 2193 2046 est

342 2072 379 2102 2⁶
398 2076 692 2122 unaquaeque
725 2078 807 2111 res.
829 2079 873 2109 ss
982 2067 1111 2113 Esse
1143 2081 1294 2114 suum
1328 2081 1337 2092 ·
1371 2069 1416 2114 id
1448 2074 1515 2114 est
1544 2070 1851 2116 substantiam.
1872 2083 1917 2115 aa
2022 2070 2083 2116 Et
2112 2075 2193 2117 εει

398 2134 497 2180 hoc
528 2139 683 2192 atque
716 2138 814 2182 hoc
837 2150 847 2160 ·
872 2138 917 2183 id
949 2144 1016 2184 est
1047 2140 1166 2185 aliud
1189 2145 1233 2185 et
1259 2140 1393 2195 aliud,
1427 2146 1474 2186 ut
1505 2141 1687 2198 quidem
1720 2142 1881 2196 homo;
1913 2142 2002 2188 hoc
2022 2147 2066 2188 et
2086 2143 2188 2198 boc,

398 2206 441 2251 id
474 2211 541 2251 est
581 2212 726 2264 partes
758 2210 1022 2255 coniunctae
1054 2245 1064 2256 .
1098 2211 1188 2257 Sed
1230 2212 1390 2257 melius
1421 2224 1523 2258 esse
1564 2213 1760 2258 hominis
1801 2225 1855 2258 ex
1895 2212 2039 2260 forma
2069 2226 2191 2260 com·

398 2278 693 2334 prehenditur,
726 2284 773 2324 ut
804 2281 972 2327 dicatur
1003 2283 1155 2340 imago
1187 2283 1273 2329 dei.
1296 2297 1340 2327 ss
1420 2284 1538 2330 Non
1571 2285 1671 2330 hoc
1692 2296 1703 2307 ·
1727 2285 1797 2330 bis
1827 2284 2189 2332 subaudiendum

397 2348 686 2406 singulariter.
707 2363 750 2393 ss
847 2352 934 2397 Vel
968 2366 1161 2412 corpus
1185 2367 1195 2378 ·
1218 2368 1254 2400 s.
1278 2356 1448 2409 solum;
1481 2356 1585 2413 quia
1618 2368 1719 2414 pars
1751 2356 1791 2401 ei
1824 2368 1917 2402 non
1949 2359 2018 2402 est
2046 2360 2188 2403 totum

342 2419 507 2465 aoeius.
528 2432 572 2463 ss
670 2421 757 2466 Vel
791 2424 963 2469 anima
986 2437 996 2447 ·
1020 2438 1056 2471 s.
1084 2427 1246 2472 solum.
1269 2440 1313 2470 ss
1413 2427 1465 2472 In
1499 2431 1643 2485 parte
1667 2439 1678 2450 ·
1702 2427 1746 2472 id
1779 2432 1846 2472 est
1875 2427 2126 2486 separatim.
2147 2440 2191 2472 aa
2219 2471 2222 2476 .

399 2490 468 2535 Ex
500 2491 599 2536 hoc
623 2503 632 2514 ·
656 2491 701 2536 id
733 2498 800 2538 est
831 2496 955 2552 quod
988 2509 1080 2542 non
1114 2498 1247 2543 habet
1279 2503 1424 2556 partes
1457 2499 1622 2556 quibus
1653 2510 1754 2544 esse
1786 2511 1917 2544 suum
1950 2498 2124 2545 debeat.
2145 2511 2190 2543 aa

399 2559 487 2605 Est
517 2561 707 2607 hoc·id
739 2569 806 2609 est
836 2566 1038 2624 simplex.
1061 2582 1104 2612 ss
1166 2570 1581 2616 Pulcherrimum
1605 2582 1616 2593 ·
1639 2583 1665 2615 a
1697 2582 1790 2628 quo
1821 2570 1975 2616 omnia
2005 2569 2187 2629 pulchra

397 2638 719 2689 processerunt.
741 2648 784 2678 ss
845 2637 1209 2687 Fortissimum
1234 2654 1244 2665 ·
1268 2643 1392 2700 quod
1425 2643 1591 2688 nullam
1625 2643 1714 2701 pati
1735 2642 2008 2688 solutionem
2041 2646 2190 2701 potest

397 2705 441 2746 et
470 2714 496 2747 a
526 2702 651 2749 nullo
682 2706 841 2764 accipit
871 2713 917 2753 ut
946 2711 1014 2756 sit.
1038 2725 1081 2755 ss
1162 2712 1351 2759 Nullus
1384 2725 1630 2759 numerus
1653 2724 1664 2736 ·
1692 2713 1795 2771 quia
1827 2725 1921 2759 non
1951 2717 2020 2759 est
2048 2713 2188 2760 alteri·

341 2775 542 2818 astas.oe
621 2773 833 2823 Nullum
866 2780 1008 2826 aliud
1033 2794 1043 2805 ·
1067 2783 1111 2828 id
1143 2789 1211 2829 est
1241 2785 1362 2830 nulla
1394 2798 1509 2843 pars,
1531 2797 1575 2828 ss
1651 2784 1704 2829 ld
1737 2785 1878 2842 quod
1909 2789 2021 2831 est·
2043 2785 2090 2831 id
2120 2789 2189 2832 est

396 2855 513 2888 unus
543 2843 656 2890 deus
686 2852 765 2893 est.
787 2861 831 2891 sa
891 2850 1073 2910 Neque
1104 2855 1400 2901 subiectum
1424 2869 1434 2879 ·
1457 2857 1554 2901 sine
1586 2856 1765 2901 materia
1797 2856 2017 2917 enimest
2037 2891 2048 2903 .
2073 2855 2187 2903 Sub-

542 2962 556 2999 l
586 2964 672 3010 qula
697 2974 773 3003 non
799 2986 845 2993 —
870 2968 894 3005 2
918 2970 1000 3007 eius
1025 2981 1110 3009 esse
1135 2982 1207 3009 om.
1229 2971 1263 3011 C
1376 2974 1429 3011 12.
1452 2974 1495 3011 13
1515 2964 1993 3023 “manlii-'numum
2014 2988 2061 3010 u·
2081 2974 2185 3013 testu

396 3023 470 3060 arte
495 3023 682 3060 materiem
710 3022 745 3062 C
818 3027 862 3066 15
885 3030 1088 3068 substantia
1114 3036 1208 3070 caret
1235 3031 1270 3070 C
1332 3033 1379 3071 20
1404 3036 1579 3081 speciem.
1604 3046 1641 3071 aa
1666 3034 1817 3072 Forma
1835 3055 1883 3062 —-—
1899 3035 1941 3073 21
1971 3035 2187 3073 unde-net

395 3090 471 3119 om.
489 3082 524 3122 C
600 3080 648 3119 26
673 3086 711 3121 ut
726 3094 800 3124 om.
821 3085 855 3124 C
901 3089 1052 3136 quidem
1070 3091 1199 3138 homo}
1226 3091 1329 3137 Quid
1347 3097 1402 3131 est
1420 3094 1561 3131 homo?
1589 3093 1632 3138 C,
1657 3104 1719 3132 wo
1735 3095 1840 3132 diese
1856 3096 1937 3132 und
1950 3094 2014 3133 dle
2027 3094 2185 3144 ahiem

398 3142 524 3183 Vane
545 3146 671 3185 duur
694 3143 833 3184 Glom
856 3150 947 3187 nodi
972 3159 1042 3188 rea
1059 3150 1113 3197 (Ζ.
1131 3150 1192 3197 25)
1210 3154 1343 3190 stenen
1420 3153 1469 3190 30
1493 3154 1571 3191 Vel
1595 3156 1740 3191 anima
1758 3164 1767 3173 ·
1786 3164 1815 3192 s.
1843 3155 1966 3192 solum
1989 3163 2065 3192 om.
2083 3152 2190 3192 rm*
