2352 3568
187 377 219 407 Ρ.
232 376 297 410 280.
309 376 328 407 7

399 236 456 281 76
847 210 849 213 ’
1167 229 1205 266 ε
1226 228 1265 265 κ.
1285 227 1399 270 nand.
1441 270 1444 271 ⁷

399 378 591 423 gemma.
626 381 668 410 aa
756 364 988 409 Vertatur
1020 373 1030 384 ·
1066 360 1189 418 quod
1234 364 1300 404 est
1343 357 1628 403 confusioss
1709 356 1761 402 ln
1806 357 1887 402 his
1929 358 2187 403 constare·

400 438 444 483 id
477 442 543 482 est
574 436 618 482 in
651 436 824 481 duabus
855 439 898 479 et
928 446 981 479 ex
1014 433 1200 477 duabus.
1224 447 1266 477 κε
1339 429 1410 475 Ex
1441 429 1632 487 quibus
1656 440 1665 452 ·
1690 441 1725 474 s,
1749 428 1912 474 modis.
1933 444 1976 474 σε
2043 426 2188 475 Tunc

401 508 535 554 enim
559 519 569 531 ·
593 507 636 552 id
668 512 735 552 est
766 510 1003 564 postquam
1036 504 1148 548 facta
1179 504 1246 547 est
1277 513 1365 547 una
1397 512 1576 546 corona.
1598 516 1642 545 ss
1762 498 1892 546 Sunt
1928 499 2067 545 enim
2098 510 2109 523 ·
2141 497 2188 544 id

400 585 467 625 est
498 583 689 624 manent.
711 595 753 623 ω
874 575 1119 621 Gemmae
1161 579 1316 631 atque
1348 584 1525 618 aurum
1558 583 1568 594 ·
1601 571 1645 616 id
1678 575 1745 617 est
1775 571 1891 616 duae
1923 573 2103 617 naturae
2133 581 2189 617 ex

363 651 563 709 aquibus
605 662 691 695 una
723 660 791 694 res
823 647 1056 706 perficitur,
1096 646 1209 691 sicut
1240 645 1332 690 duo
1365 648 1544 689 naturae
1575 655 1629 689 ex
1661 643 1825 701 quibus
1866 654 1955 688 una
1995 653 2189 700 persona

401 721 557 766 Christi
590 719 802 765 consistit.
825 735 867 762 ⁸³
969 717 1096 762 Nam
1131 717 1180 761 in
1214 716 1388 774 priore
1420 714 1579 760 modo
1603 726 1613 737 ·
1636 714 1713 760 ubi
1745 713 1933 760 confusa
1963 716 2069 759 sunt
2098 711 2187 760 mel

401 797 442 837 et
473 803 602 849 aqua.
624 806 665 835 ss
786 789 902 835 Non
936 793 1013 833 est
1045 787 1142 833 mel
1176 792 1332 845 atque
1364 798 1502 844 aqua
1525 797 1535 809 ·
1559 786 1639 832 sed
1671 785 1844 831 tertium
1876 784 2123 844 quoddam.
2144 799 2188 831 u

400 863 610 907 Manere
643 866 852 906 naturas
875 872 885 883 ·
908 873 944 905 s,
968 860 1255 917 incorruptas,
1278 875 1320 903 ⁸⁸
1441 857 1818 916 Perfectasque
1849 857 2062 903 easdem
2095 867 2107 880 ·
2142 859 2191 903 ut

400 939 442 979 et
464 933 612 978 divine
634 933 827 977 humana
849 931 1040 989 perfecta
1061 931 1130 976 sit.
1147 947 1190 975 ss
1250 929 1465 975 Manent
1496 933 1747 987 utraeque
1771 941 1781 952 ·
1805 941 1840 975 s,
1859 928 2192 975 inconfusae„

350 1018 383 1046 ιο
400 1004 722 1049 Manentium
746 1015 756 1026 ·
780 1003 884 1061 quia
916 1003 974 1048 ita
1005 1007 1108 1048 sunt
1139 1002 1403 1047 coniunctae
1435 1006 1483 1047 ut
1513 1006 1752 1047 manerent.
1775 1017 1817 1046 ⁸⁸
1890 999 2190 1047 Secundum

401 1089 550 1133 quam
596 1075 845 1120 Eutiches
881 1085 891 1098 ·
925 1074 1172 1119 secundum
1218 1073 1336 1119 illam
1381 1073 1426 1118 in
1470 1085 1558 1131 qua
1602 1073 1826 1131 corruptio
1868 1072 1938 1118 sit.
1971 1088 2014 1118 σε
2119 1069 2193 1117 Ex

402 1148 635 1204 utrisque
670 1158 680 1169 ·
715 1159 751 1192 s.
783 1146 961 1191 naturis,
993 1162 1035 1191 ss
1140 1145 1288 1200 Quae
1334 1145 1412 1190 illi
1456 1145 1524 1190 sit
1566 1145 1800 1203 proxima
1837 1155 1847 1166 ·
1883 1142 1928 1188 id
1959 1146 2029 1188 est
2057 1141 2193 1200 signi·

400 1218 595 1263 ficationi
619 1217 829 1271 Eutichis,
862 1217 966 1275 quia
997 1217 1195 1262 similiter
1225 1216 1331 1261 dicit
1352 1215 1572 1262 Christum
1604 1228 1659 1261 ex
1691 1216 1886 1273 utrisque
1920 1213 2192 1260 consistere.

402 1289 516 1335 Nam
565 1289 767 1334 catholici
815 1289 968 1334 dicunt
1005 1288 1224 1333 Christum
1262 1300 1316 1333 ex
1370 1288 1566 1345 utrisque
1609 1287 1865 1340 consistere,
1909 1285 2109 1332 similiter
2149 1289 2195 1332 et

349 1375 385 1405 ιε
404 1360 610 1405 Eutiches
645 1395 655 1406 .
691 1360 736 1405 ln
770 1361 857 1405 hoc
888 1372 996 1417 ergo
1029 1360 1132 1405 loco
1165 1360 1439 1405 concordant
1469 1364 1512 1404 et
1544 1360 1587 1404 in
1621 1360 1703 1404 hac
1741 1363 1862 1416 parte
1894 1357 2096 1416 proxima
2126 1360 2195 1403 est

402 1432 718 1477 catholicorum
750 1432 967 1477 sententia
999 1431 1196 1476 Eutichis
1228 1466 1238 1477 .
1270 1431 1360 1476 Sed
1393 1443 1447 1476 ex
1479 1431 1611 1476 altera
1651 1435 1773 1488 parte
1804 1429 2010 1475 catholici
2041 1428 2195 1475 dicunt

403 1504 446 1548 in
480 1503 673 1560 utrisque
705 1515 895 1557 manere,
929 1503 1052 1561 quod
1085 1502 1293 1548 Eutiches
1325 1506 1471 1560 negat.
1493 1519 1536 1548 ss
1626 1501 1987 1559 Aequivocum
2010 1512 2022 1524 ·
2044 1499 2195 1559 aequi·

401 1587 563 1620 vocum
586 1574 655 1620 vel
687 1575 1013 1633 homonymum
1036 1579 1116 1628 est,
1148 1575 1185 1619 si
1208 1575 1323 1620 duae
1345 1587 1414 1619 res
1436 1586 1528 1619 uno
1550 1574 1829 1632 appellantur
1849 1573 2033 1619 nomine
2047 1605 2059 1618 .
2073 1570 2195 1619 chri·

402 1652 517 1691 stum
549 1658 655 1691 vero
687 1648 730 1690 et
761 1645 969 1690 Eutiches
1010 1658 1064 1691 ex
1105 1645 1300 1703 utrisque
1341 1651 1384 1691 et
1422 1645 1626 1691 catholici
1667 1645 1867 1691 similiter
1905 1656 1960 1691 ex
1997 1643 2193 1702 utrisque

349 1733 386 1762 πο
405 1718 556 1763 dicunt
586 1717 841 1771 consistere,
881 1717 962 1762 sed
995 1717 1117 1762 aliter
1148 1716 1356 1762 Eutiches
1396 1721 1439 1762 et
1483 1717 1605 1762 aliter
1635 1716 1839 1765 catholici
1871 1715 2061 1762 eando-
2093 1726 2194 1762 sen·

404 1789 582 1834 tentiam
615 1788 874 1846 intellegunt
905 1823 915 1834 .
947 1788 1155 1833 Eutiches
1187 1788 1368 1846 quidem
1401 1788 1506 1833 dicit
1537 1788 1594 1833 ita
1636 1792 1703 1833 ‘ex
1745 1786 1969 1845 utrisque’‚
2011 1789 2059 1833 ut
2090 1790 2195 1845 post

404 1860 720 1906 adunationem
754 1873 846 1906 non
879 1865 1085 1905 maneant
1116 1861 1231 1905 duae
1270 1865 1463 1914 naturae,
1505 1860 1709 1906 catholici
1740 1872 1847 1905 vero
1879 1860 1938 1906 ita
1970 1862 2039 1906 ‘ex
2070 1859 2194 1906 utris·

405 1931 521 1988 que’,
549 1936 595 1976 ut
622 1937 724 1989 post
744 1932 1059 1977 adunationem
1093 1936 1302 1990 utraeque
1334 1936 1573 1977 maneant.
1597 1931 1709 1977 Cum
1733 1944 1842 1989 ergo
1873 1936 1962 1977 tam
1986 1930 2195 1978 Eutiches

406 2015 539 2060 quam
572 2004 775 2049 catholici
807 2004 1005 2048 similiter
1035 2004 1183 2049 dicant
1215 2007 1283 2048 ‘ex
1315 2003 1539 2061 utrisque'‚
1581 2004 1668 2049 hoc
1698 2016 1805 2049 vero
1837 2004 2015 2049 diverso
2053 2003 2195 2050 modo

351 2088 388 2118 π
406 2074 674 2131 intellegant,
707 2080 821 2120 recte
852 2076 1148 2133 aequivocum
1171 2075 1240 2120 vel
1274 2076 1514 2121 univocum
1547 2075 1758 2133 appellari
1791 2079 1940 2134 potest
1960 2076 2048 2122 hoc
2070 2074 2195 2134 quod

406 2150 472 2190 est
505 2150 572 2191 ‘ex
593 2146 817 2203 utrisque’‚
850 2147 919 2191 vel
942 2147 1265 2204 amphibolum,
1299 2147 1342 2191 id
1366 2151 1432 2191 est
1453 2147 1653 2199 dubium,
1687 2148 1791 2204 quia
1813 2147 2020 2193 videlicet
2039 2146 2085 2192 in
2107 2147 2196 2193 hoc

407 2229 498 2262 uno
538 2229 744 2264 sermone
777 2218 899 2275 quod
932 2224 998 2263 est
1039 2222 1107 2263 ‘ex
1139 2218 1347 2276 utrisque’
1390 2219 1614 2277 duplicem
1656 2231 1790 2276 quam
1829 2231 1963 2277 supra
2002 2218 2196 2265 diximus

406 2290 667 2334 sententiam
719 2293 912 2347 ponunt3
965 2290 1068 2347 quia
1113 2302 1221 2347 ergo
1264 2290 1429 2348 duplex
1473 2295 1557 2344 est,
1609 2291 1764 2335 merito
1812 2295 1855 2335 et
1897 2289 2123 2348 ambigua.
2153 2305 2197 2336 aa

407 2359 774 2405 Substantias·
799 2360 843 2404 id
876 2364 942 2405 est
973 2365 1181 2406 naturas.
1206 2360 1259 2406 Et
1298 2362 1385 2406 hoc
1416 2361 1662 2406 secundum
1696 2361 1926 2407 Eutichen.
1948 2377 1991 2407 aa
2100 2360 2197 2408 Ex·

351 2443 391 2474 ao
409 2431 589 2489 pedito
612 2442 622 2454 ·
645 2435 909 2478 transcurso,
931 2448 973 2477 ⁸8
1030 2431 1406 2490 Ambiguitatis
1429 2433 1619 2478 modo·
1644 2433 1915 2478 difficultate.
1936 2449 1979 2479 ει
2039 2431 2195 2489 Quod

409 2503 581 2560 possit
611 2503 846 2560 opponi·
870 2515 905 2548 s.
929 2503 986 2548 ab
1019 2503 1216 2549 Eutiche.
1239 2520 1281 2549 ss
1332 2503 1472 2558 Quin
1496 2515 1506 2527 ·
1530 2508 1577 2549 ut
1608 2516 1714 2550 non.
1736 2521 1778 2549 ss
1829 2504 1987 2551 Fides
2018 2504 2197 2551 catho-

408 2573 509 2619 lica
531 2585 542 2597 ·
566 2573 610 2618 id
642 2579 709 2619 est
739 2573 937 2620 Christus
969 2576 1108 2620 homo
1140 2579 1207 2620 est
1238 2580 1281 2620 et
1312 2575 1510 2620 Christus
1542 2576 1667 2621 deus.
1689 2592 1731 2621 ss
1851 2575 1960 2622 Nec
1990 2579 2197 2634 quater·

409 2643 622 2689 nitatem
657 2655 668 2667 ·
701 2645 936 2690 subaudis:
982 2646 1178 2691 continet
1220 2646 1292 2691 illa
1324 2646 1438 2691 fides
1470 2646 1700 2692 catholica.
1734 2664 1776 2691 ss
1897 2646 1999 2692 Sed
2042 2659 2195 2693 unam

409 2715 735 2773 eandemque
767 2727 1044 2773 personam
1068 2728 1078 2738 ·
1101 2728 1155 2761 ex
1187 2716 1370 2762 homine
1395 2722 1438 2761 et
1459 2717 1561 2770 deo,
1595 2718 1698 2774 quia
1731 2730 1819 2763 una
1840 2722 1907 2763 est
1928 2718 2196 2764 assumentis

354 2799 392 2830 aa
410 2786 481 2831 dei
504 2790 547 2832 et
566 2786 781 2844 assumpti
814 2786 1022 2832 hominis,
1044 2803 1086 2831 ss
1148 2787 1457 2832 Humanitas
1490 2800 1644 2845 passa
1667 2800 1677 2811 ·
1700 2788 1907 2834 Similiter
1926 2801 2035 2847 ergo
2059 2789 2195 2836 deum

555 2917 569 2954 1
598 2916 825 2954 vertatur
848 2916 930 2964 etc.1
956 2927 1031 2953 nur
1052 2917 1091 2954 in
1120 2917 1157 2956 U
1250 2917 1272 2953 7
1298 2917 1486 2964 quoddam
1516 2946 1523 2954 .
1553 2917 1622 2955 ch
1647 2922 1768 2955 autem
1795 2908 1997 2957 notandum
2022 2922 2079 2957 est
2102 2929 2197 2968 quo·

410 2975 525 3013 modo
549 2973 717 3013 Christus
743 2985 788 3013 ex
824 2977 987 3023 utrisque
1012 2978 1049 3013 et
1074 2978 1111 3013 ln
1137 2977 1302 3023 utrisque
1328 2980 1471 3013 maneat
1497 2979 1635 3014 naturis
1660 2977 1739 3014 ΜΡ
1889 2978 1914 3015 9
1939 2982 2143 3027 utraque
2166 2977 2201 3017 F

411 3035 504 3082 (σει.
521 3033 677 3082 Petpm
699 3035 781 3073 cod.
799 3034 853 3081 Ε)
1049 3036 1092 3073 14
1117 3034 1211 3072 Nam
1233 3037 1344 3082 fehlt.
1370 3037 1439 3073 der
1463 3036 1555 3075 Res!
1581 3038 1641 3074 als
1664 3037 1874 3075 besondere
1899 3036 2039 3076 Glosse
2060 3038 2101 3076 in
2128 3036 2198 3078 ΠΒ

414 3093 458 3131 18
474 3094 571 3132 duae
586 3104 646 3132 reo
662 3114 710 3121 —
725 3093 764 3133 S.
782 3093 841 3138 77,
858 3094 903 3133 10
918 3096 1154 3144 cognoscitur
1171 3105 1255 3132 esse
1273 3105 1347 3132 om.
1365 3095 1410 3132 M
1517 3095 1564 3133 28
1589 3098 1772 3145 ambigua.
1790 3110 1829 3134 n
1876 3097 2194 3145 Amphlbolum

411 3180 421 3190 .
447 3153 672 3203 ambiguum.
689 3165 728 3191 u
752 3152 786 3191 F
875 3153 923 3192 34
948 3164 994 3192 ex
1019 3154 1170 3193 homine
1196 3157 1231 3192 et
1257 3156 1329 3192 deo
1355 3165 1429 3192 om.
1447 3155 1490 3196 Β,
1516 3157 1577 3193 als
1601 3156 1809 3194 besondere
1833 3155 1973 3195 Glosse
1994 3158 2035 3195 tn
2061 3156 2100 3196 U
