2352 3568
388 265 447 310 68
1155 258 1388 302 suanno,
1446 270 1449 272 ·

177 406 209 437 Ρ.
224 406 336 441 1⁹⁸.ae
390 408 483 442 uno
504 396 607 441 loco
629 407 729 441 esse
751 399 952 453 possunt,
985 392 1064 438 sed
1088 391 1211 448 iungi
1240 392 1430 449 possunt
1451 388 1672 434 vicinitate
1694 387 1910 434 locorum.
1931 403 1974 434 ss
2036 397 2173 435 κΛτΑ

392 477 690 516 πΑΡΑΘεειΝ
715 479 724 488 ·
748 467 791 511 id
824 469 890 510 est
921 463 1166 510 secundum
1195 461 1558 507 coniunctionem
1591 461 1634 504 et
1662 459 1949 518 positionem.
1969 474 2014 505 u
2072 458 2176 506 Sed

390 539 432 584 si
467 538 535 583 ita
568 537 894 583 humanitas·
919 540 964 581 ut
996 546 1159 592 corpus
1190 533 1379 590 corpori,
1413 535 1460 576 ut
1491 531 1598 576 nihil
1631 531 1676 576 in
1708 530 1891 576 alterum
1913 542 1969 576 ex
1999 530 2176 577 alterius

391 610 598 667 qualitate
630 608 895 666 pervenerit;
928 607 972 651 id
1005 610 1088 651 est:
1121 605 1158 650 si
1191 603 1441 649 humanitas
1473 614 1565 648 non
1597 607 1665 648 est
1695 602 1900 647 deificata
1927 604 1971 647 et
2000 602 2039 647 si
2069 601 2179 648 dlvi-

353 681 504 727 snitas
536 693 626 725 non
659 684 725 724 est
756 680 1006 730 humanata,
1049 676 1249 722 Christus
1290 687 1382 721 non
1414 677 1482 720 est
1514 709 1524 719 .
1557 673 1718 732 Neque
1758 674 1877 720 enim
1910 674 2023 720 deus
2051 673 2179 721 solus

391 751 587 797 Christus
618 755 684 796 est
716 762 861 807 neque
893 749 1017 794 solus
1050 749 1203 801 homo,
1244 747 1324 792 sed
1357 746 1469 792 deus
1499 749 1777 804 assumptum
1811 746 2040 792 hominem
2072 757 2100 792 a
2129 757 2180 792 se

390 822 567 881 propria
607 821 832 866 divinitate
872 819 1118 877 spiritaliter
1158 818 1293 872 unxit,
1334 820 1378 863 et
1418 829 1472 863 ex
1513 817 1601 863 deo
1643 817 1719 875 qui
1760 817 2002 875 assumpsit
2038 819 2084 863 et
2124 828 2181 863 ex

391 893 573 938 homine
605 904 737 950 quem
770 891 1011 948 assumpsit
1042 903 1157 935 unus
1189 890 1330 935 iactus
1362 892 1428 935 est
1460 888 1673 935 Christus,
1694 904 1738 934 ss
1818 888 1992 947 Ipsum
2016 900 2027 912 ·
2049 887 2174 947 quod

390 968 457 1009 est
489 963 698 1009 Christus.
721 980 762 1007 ss
854 962 1021 1008 Unum
1056 962 1321 1020 quoddam
1346 973 1356 983 ·
1381 973 1514 1006 unam
1547 971 1801 1019 personam.
1823 976 1866 1005 ss
1956 959 2026 1007 Ea
2056 971 2180 1006 con·

339 1035 592 1081 iniunctio
625 1046 635 1057 ·
668 1035 712 1079 id
745 1037 811 1079 est
852 1037 898 1079 ut
929 1034 1055 1092 quasi
1088 1033 1181 1079 duo
1213 1044 1401 1091 corpora
1432 1032 1704 1077 sociarentur
1733 1032 1846 1077 deus
1876 1036 1920 1077 et
1950 1032 2105 1078 homo.
2136 1047 2180 1078 σε

391 1107 559 1153 Unum
585 1118 594 1129 ·
617 1106 661 1151 id
694 1109 760 1151 est
792 1105 1003 1151 Christus,
1034 1122 1075 1150 ss
1202 1104 1346 1149 Nihil
1389 1116 1629 1161 umquam
1663 1115 1674 1126 ·
1705 1115 1740 1148 ε.
1772 1106 1819 1148 ut
1859 1115 1998 1149 unum
2038 1103 2107 1150 sit.
2138 1119 2182 1150 σε

391 1178 725 1224 Convertitur
761 1189 771 1200 ·
811 1177 1122 1234 Reciprocatur
1172 1176 1249 1221 ita:
1321 1175 1625 1233 quodcunque
1677 1179 1756 1227 est,
1811 1187 1958 1225 unum,
2002 1178 2083 1230 est,
2138 1179 2183 1221 et

392 1250 694 1307 quodcunque
738 1261 875 1294 unum
921 1253 1005 1302 est,
1053 1247 1161 1292 illud
1205 1252 1284 1293 est.
1317 1263 1359 1292 ss
1509 1246 1679 1292 Unum
1727 1251 1805 1291 est
1839 1257 1849 1269 ·
1885 1245 1992 1292 Non
2031 1245 2181 1292 solum

391 1333 528 1366 unum
562 1325 676 1375 sunt,
719 1332 834 1378 quae
865 1332 919 1365 ex
950 1319 1228 1377 simplicibus
1260 1322 1478 1371 constant,
1518 1318 1599 1363 sed
1642 1318 1774 1363 etiam
1818 1329 1935 1375 quae
1977 1329 2033 1364 ex
2072 1317 2183 1364 mul-

340 1409 374 1438 16
391 1392 447 1437 tis
477 1392 686 1450 partibus.
709 1408 750 1436 ss
873 1390 1105 1436 Acervus
1128 1402 1138 1413 ·
1162 1402 1216 1435 ex
1254 1390 1402 1434 multis
1431 1390 1579 1447 gravis
1620 1389 1669 1434 tit
1699 1424 1709 1434 .
1743 1389 1947 1435 Chorus
1978 1402 1988 1413 ·
2020 1389 2184 1436 chorus

392 1476 598 1508 mensura
641 1467 707 1508 est
742 1462 860 1507 XXX
891 1462 1144 1507 modiorum
1180 1496 1190 1507 .
1225 1460 1332 1506 Νοη
1376 1473 1486 1518 ergo
1530 1466 1780 1506 censeretur
1823 1472 1915 1507 uno
1957 1460 2183 1508 vocabulo

393 1535 553 1580 chorus
586 1535 669 1579 nisi
702 1539 831 1579 esset.
854 1550 896 1578 ss
1008 1532 1109 1578 Sed
1141 1545 1260 1578 esse
1293 1532 1555 1578 Christum
1580 1544 1590 1555 ·
1613 1531 1683 1577 Ad
1715 1544 1844 1578 verae
1875 1531 1981 1579 fidei
2011 1532 2182 1591 dogma

392 1606 513 1652 redit.
536 1623 578 1651 ss
640 1605 913 1652 Christos·
937 1605 981 1649 id
1013 1609 1079 1650 est
1101 1617 1238 1649 unum
1272 1604 1516 1658 hominem,
1549 1604 1731 1649 alterum
1761 1604 1910 1650 deum.
1931 1620 1974 1650 aa
2034 1603 2185 1651 Prae·

393 1678 643 1735 cipitatae
671 1689 681 1700 ·
711 1677 906 1735 perditae
930 1712 939 1722 .
963 1675 1198 1721 Audeat·
1223 1688 1258 1721 s.
1282 1675 1529 1721 Nestorius.
1551 1692 1594 1721 ss
1676 1675 1918 1721 Christos
1946 1687 2138 1722 vocare
2170 1687 2182 1699 ·

338 1766 375 1795 ω
394 1749 649 1803 Sciendum,
683 1748 806 1805 quod
834 1749 922 1793 hoc
942 1747 1227 1800 vocabulum,
1260 1747 1383 1804 quod
1406 1751 1472 1792 est
1494 1747 1706 1800 ChristuS,
1729 1759 1831 1793 non
1852 1747 2100 1793 secundum
2121 1746 2186 1793 di·

392 1820 632 1873 vinitatem,
665 1820 744 1864 sed
767 1820 1013 1864 secundum
1046 1819 1362 1864 humanitatem
1396 1819 1579 1876 accepit,
1613 1818 1656 1863 id
1680 1821 1746 1863 est
1767 1819 1824 1864 ab
1856 1818 2067 1864 unctione
2096 1819 2185 1877 spi·

393 1891 526 1935 ritalis
572 1891 799 1943 crismatis,
849 1903 937 1947 qua
984 1890 1121 1934 ‘unxit
1160 1902 1262 1934 eum
1304 1890 1416 1934 deus
1457 1902 1560 1947 prae
1609 1889 1896 1948 participibus
1935 1889 2042 1935 suis’
2088 1888 2183 1948 (Ps.

394 1963 465 2015 44,
483 1962 543 2019 8),
588 1962 632 2006 id
665 1966 731 2007 est
762 1973 866 2019 prae
900 1961 1111 2007 omnibus
1151 1961 1302 2006 electis
1336 1995 1346 2006 .
1382 1960 1497 2006 Nam
1537 1963 1645 2006 cum'
1671 1961 1825 2006 ceteris
1855 1961 2020 2007 sanctis
2059 1962 2187 2007 detur

395 2034 465 2078 ‘ad
498 2045 748 2078 mensuram
792 2032 999 2091 spiritus’,
1042 2033 1100 2077 ‘in
1145 2032 1222 2076 illo
1267 2032 1431 2077 habitat
1472 2032 1621 2077 omnis
1670 2033 1902 2090 plenitudo
1946 2033 2185 2079 divinitatis

340 2122 376 2151 π
394 2103 689 2162 corporaliter’
723 2103 797 2161 (cf.
819 2103 911 2149 ΙοΙι.
934 2104 975 2158 3,
993 2104 1072 2157 34;
1107 2102 1202 2149 Col.
1226 2104 1267 2157 2,
1290 2103 1351 2161 9),
1391 2104 1436 2148 id
1477 2107 1544 2148 est
1574 2104 1706 2149 etiam
1747 2104 1993 2151 secundum
2032 2105 2185 2151 huma·

395 2176 588 2221 nitatem.
611 2192 654 2220 ss
776 2175 944 2221 Unum
978 2175 1242 2220 hominem
1268 2187 1277 2197 ·
1307 2176 1343 2219 si
1377 2175 1484 2220 nihil
1517 2176 1682 2220 habent
1713 2176 2042 2222 coniunctionis
2073 2177 2184 2222 inter

395 2259 457 2301 se,
491 2247 535 2292 id
558 2250 624 2292 est
654 2247 691 2292 si
724 2260 862 2292 unum
895 2259 987 2292 non
1009 2249 1124 2292 sunt.
1147 2263 1189 2292 ss
1251 2246 1320 2291 Ex
1353 2246 1696 2304 copulatione
1720 2259 1729 2270 ·
1753 2248 2000 2293 secundum
2022 2247 2186 2294 Nesto·

395 2319 519 2363 rium,
542 2335 584 2363 ss
644 2318 870 2364 Nomine
893 2330 904 2342 ·
928 2319 1051 2376 quod
1073 2323 1139 2363 est
1161 2317 1372 2364 Christus.
1395 2334 1436 2363 ss
1487 2318 1743 2364 Abutatur
1765 2331 1775 2342 ·
1798 2332 1834 2365 s,
1856 2331 2027 2366 vocans
2047 2319 2182 2366 deum

397 2389 618 2436 Christum
651 2390 849 2435 similiter
879 2393 922 2435 et
954 2390 1196 2435 hominem.
1219 2406 1261 2435 ss
1382 2389 1447 2435 Ut
1479 2390 1594 2448 ipse
1627 2390 1754 2435 dicit
1786 2403 1796 2414 ·
1828 2391 1904 2449 qui
1935 2390 2184 2437 secundum

341 2478 378 2507 ³0
397 2462 711 2507 humanitatem
753 2462 971 2507 minorem
1012 2474 1062 2506 se
1103 2466 1223 2519 patre
1265 2461 1431 2516 asserit,
1473 2462 1721 2507 secundum
1764 2462 2036 2509 divinitatem
2076 2473 2184 2509 vero

395 2533 644 2591 aequalem.
665 2550 707 2578 ss
802 2533 1067 2578 Adhibere
1090 2545 1100 2556 ·
1124 2533 1227 2590 quia
1259 2533 1381 2578 aliter
1411 2533 1599 2578 diffiniet
1626 2533 1846 2579 Christum
1880 2533 2109 2580 hominem
2140 2537 2185 2580 et

397 2602 616 2649 Christum
650 2604 799 2649 deum.
822 2621 864 2650 ss
933 2604 1153 2649 Diversa
1177 2615 1187 2627 ·
1210 2604 1334 2661 quod
1366 2605 1519 2662 utique
1550 2609 1630 2651 est.
1652 2621 1694 2650 ss
1763 2604 2005 2651 Creditur
2023 2616 2034 2629 ·
2056 2605 2182 2663 quod

397 2674 549 2732 utique
579 2675 777 2720 creditur.
799 2691 841 2720 ³⁸
921 2674 1281 2733 Aequivocum
1305 2687 1315 2698 ·
1338 2675 1382 2720 id
1415 2680 1482 2720 est
1512 2676 1838 2734 homonymon,
1871 2688 1959 2722 una
1990 2675 2185 2735 appella·

395 2744 519 2791 tione
550 2745 675 2803 plura
705 2745 979 2803 significans,
1001 2762 1043 2790 ss
1163 2745 1423 2791 Concludi
1455 2758 1466 2769 ·
1498 2746 1603 2804 quia
1642 2747 1766 2792 aliter
1795 2747 2036 2793 diffinietur
2070 2747 2183 2793 deus

341 2815 595 2863 aeChristus
626 2821 669 2862 et
698 2817 821 2863 aliter
851 2818 991 2863 homo
1023 2817 1234 2870 ChristuS,
1275 2817 1311 2862 si
1352 2817 1512 2862 diversi
1553 2822 1669 2871 sunt,
1709 2818 1822 2863 sicut
1862 2819 2002 2864 homo
2038 2818 2184 2877 pictus

396 2887 520 2934 aliter
548 2892 593 2934 et
621 2888 744 2934 aliter
774 2889 914 2934 homo
945 2900 1074 2934 verus
1105 2923 1115 2934 .
1149 2888 1301 2934 Homo
1334 2889 1478 2946 pictus
1509 2889 1585 2934 ita:
1619 2890 1758 2934 homo
1790 2892 1857 2935 est
1888 2890 2041 2948 imago
2070 2889 2184 2936 fucis

393 2963 441 3005 et
471 2959 698 3006 coloribus
738 2972 964 3019 expressa;
1006 2961 1145 3006 homo
1177 2972 1307 3005 verus
1349 2960 1424 3005 ita:
1467 2961 1606 3006 horno
1647 2965 1714 3006 est
1753 2961 1915 3007 animal
1957 2961 2183 3016 rationale,

540 3125 564 3163 4
589 3127 622 3163 si
646 3126 855 3164 humanitas
878 3146 924 3153 —
949 3125 973 3163 8
1005 3125 1122 3164 lactus
1156 3130 1211 3163 est
1236 3124 1416 3173 Christus}
1450 3126 1565 3163 bilder
1597 3126 1636 3164 ln
1661 3126 1736 3166 BU
1765 3127 1850 3165 etue
1880 3127 2013 3176 εἰςιν
2045 3125 2185 3166 ocosse

399 3183 447 3223 29
471 3183 527 3224 Ut
553 3186 661 3232 lpse
684 3205 731 3212 --
755 3185 805 3223 30
828 3185 971 3232 asserit]
997 3195 1070 3223 om.
1090 3183 1125 3223 C
