2352 3568
381 248 439 294 72
1147 244 1187 282 Ε.
1205 244 1246 282 κ.
1264 243 1378 286 Rand.

168 390 325 425 emma
380 379 551 426 semine
581 377 797 424 Abrahae’
830 381 873 423 et
913 377 1092 435 reliqua.
1115 392 1157 421 ss
1306 374 1432 419 Post
1472 373 1692 431 primum
1734 372 1998 419 hominem
2028 385 2039 397 ·
2067 373 2167 420 Hac

379 450 594 497 sententia
626 450 947 496 convincuntur
986 448 1046 493 illi
1087 447 1196 492 falsa
1234 446 1379 491 dicere
1420 445 1496 502 qui
1538 444 1691 489 dicunt
1729 443 1968 503 antipodes
2006 445 2166 492 subtus

377 526 510 568 terras
532 521 725 567 habitare
742 518 817 578 (cf.
830 532 972 578 supra
987 532 1035 577 ρ.
1050 518 1108 564 20
1120 517 1249 575 sqq).
1279 516 1325 562 Si
1343 516 1461 561 enim
1479 515 1629 561 omnis
1650 515 1789 561 homo
1810 526 1866 561 ex
1881 514 2027 562 Adam
2046 515 2165 571 solo,

380 593 498 638 unde
519 604 627 650 ergo
649 591 912 649 antipodes?
944 590 1031 635 Aut
1053 588 1288 647 quomodo
1309 588 1467 633 subtus
1489 591 1622 632 terras
1643 586 1803 645 aliquis
1823 587 1884 632 ire'
1905 586 2051 645 potuit
2071 599 2168 633 um·

342 680 362 710 s
381 664 544 721 quarn?
565 679 607 707 ⁸⁸
667 662 943 707 Ascribere
966 673 976 683 ·
999 661 1259 718 affigeretis
1318 658 1560 705 Summae
1592 658 1892 704 divinitati·
1914 657 1961 704 Si
1984 658 2086 717 quis
2106 658 2165 705 de

379 735 518 780 Maria
540 734 708 791 virgine
734 733 887 778 dixerit
907 732 1127 778 Christum
1149 743 1241 776 non
1263 730 1511 789 sumpsisse
1530 742 1723 785 carnem,
1753 730 1880 788 quasi
1902 729 2165 776 mendacem

380 806 511 851 deum
545 805 636 849 vult
666 804 821 857 iacere,
862 803 968 848 dum
1002 803 1080 857 eis,
1114 814 1229 860 quae
1261 814 1340 860 per
1370 814 1447 847 ora
1479 802 1792 860 prophetarum
1825 801 2035 848 fidelibus
2065 813 2166 861 pro-

379 876 495 921 misit
527 876 652 928 deus,
693 875 840 919 nititur
870 878 1021 919 contra
1052 875 1112 920 ire
1143 874 1213 919 vel
1256 874 1362 919 dum
1396 873 1616 919 Christum
1657 873 1817 919 falsum
1857 885 2022 932 corpus
2060 873 2168 919 dicit

379 947 635 992 hominibus
667 946 931 991 ostendisse.
948 962 990 991 ss
1050 945 1259 991 Sanctis
1282 957 1292 968 ·
1317 944 1516 991 ‘Sanctis’
1550 945 1668 999 dicit,
1701 945 1804 1003 quia
1825 948 1993 991 suntet
2012 944 2168 991 demo·

327 1035 361 1065 ιο
379 1019 531 1063 niacae
563 1018 871 1063 divinationes.
893 1033 935 1062 ss
996 1017 1432 1063 Divinationibus
1454 1029 1464 1040 ·
1488 1017 1532 1062 id
1561 1021 1628 1063 est
1647 1016 2036 1063 vaticinationibus
2066 1027 2167 1075 pro·

379 1090 622 1147 phetarum.
643 1106 685 1135 ss
745 1088 878 1134 Aliis
910 1089 1180 1134 distribuit
1202 1101 1212 1112 ·
1236 1089 1280 1134 id
1302 1093 1370 1135 est
1400 1101 1480 1147 per
1509 1089 1622 1134 alios
1654 1089 1861 1134 homines
1882 1088 1989 1134 dicit
2013 1091 2166 1134 nanim

380 1160 613 1206 Christum.
635 1177 678 1206 ss
781 1159 986 1218 Corpus
1017 1161 1295 1206 humanum
1320 1172 1330 1183 ·
1354 1162 1400 1206 ut
1432 1159 1640 1206 Eutiches
1672 1160 1744 1205 ait.
1766 1175 1809 1205 ⁸³
1910 1158 2169 1218 Superius

380 1232 521 1277 dicto
545 1243 555 1255 ·
579 1231 702 1289 quod
733 1232 901 1277 scilicet
930 1244 1023 1277 non
1046 1232 1224 1277 aliunde
1256 1232 1447 1290 potuerit
1476 1232 1592 1277 sumi
1615 1244 1779 1290 corpus
1811 1231 1895 1276 nisi
1927 1230 2049 1277 unde
2069 1241 2170 1290 pro-

380 1304 618 1349 creabatur.
640 1319 683 1349 sa
787 1303 885 1349 Pro
918 1303 1122 1362 peccati
1155 1315 1327 1361 poena
1350 1315 1360 1326 ·
1383 1304 1497 1349 sicut
1526 1303 1670 1348 Adam
1704 1308 1746 1348 et
1777 1314 1931 1348 semen
1963 1301 2095 1348 illius.
2127 1317 2172 1349 a

328 1391 363 1421 is
382 1374 451 1420 Ex
493 1375 691 1419 nullius
722 1387 732 1397 ·
766 1375 870 1432 quia
910 1375 1057 1420 nullus
1099 1375 1238 1420 homo
1280 1380 1450 1433 praeter
1479 1374 1623 1420 Adam
1655 1375 1842 1432 eiusque
1874 1378 2094 1432 posteros.
2125 1389 2170 1421 aa

379 1445 588 1491 Talem·
613 1446 756 1504 qualis
788 1446 986 1491 Christus
1017 1447 1114 1492 sine
1146 1449 1345 1504 peccato.
1367 1463 1410 1492 88
1530 1446 1746 1505 Sumpta
1778 1451 1856 1492 est
1886 1458 1897 1469 ·
1928 1457 1965 1492 s.
1997 1445 2084 1492 nisi
2113 1457 2171 1492 ex

380 1517 536 1563 Adam.
558 1534 601 1563 ss
754 1518 1043 1563 Humanum
1092 1523 1361 1576 putaretur
1403 1531 1596 1576 corpus
1634 1530 1644 1542 ·
1683 1518 1767 1563 Hic
1801 1518 1888 1564 iam
1932 1517 2093 1564 labitur
2122 1517 2170 1563 iu

380 1601 522 1634 errore
553 1589 791 1642 Manichei,
834 1590 909 1647 qui
941 1590 1047 1635 dicit
1077 1589 1151 1647 (cf.
1184 1589 1423 1647 Augustln.
1454 1590 1599 1648 Epist.
1633 1590 1735 1644 236,
1753 1590 1818 1647 2):
1859 1589 1987 1648 virgo
2018 1593 2172 1636 eontra

380 1665 576 1706 naturam
630 1673 781 1719 parere
825 1673 917 1706 non
962 1661 1124 1719 potuit;
1176 1662 1213 1706 si
1258 1662 1429 1720 peperit
1470 1662 1687 1708 fantasma
1719 1662 1813 1707 fuit.
1846 1678 1890 1708 ss
2051 1659 2170 1707 Non

326 1736 521 1777 noesset
567 1732 844 1777 humanum
888 1744 898 1755 ·
941 1744 976 1778 s.
1019 1733 1103 1777 nisi
1145 1737 1372 1791 sumptum
1410 1738 1529 1778 esset
1573 1733 1631 1778 de
1675 1733 1859 1779 homine
1901 1731 2171 1791 praevarica-

381 1808 487 1849 tore.
510 1820 551 1849 ss
671 1803 816 1849 Nulli
846 1816 856 1826 ·
887 1804 991 1861 quia
1032 1816 1124 1849 non
1166 1809 1283 1849 esset
1323 1816 1376 1850 ex
1408 1804 1566 1850 Adam.
1599 1821 1642 1849 ss
1762 1804 1976 1850 Poenae
2004 1815 2016 1827 ·
2038 1803 2170 1849 morti

380 1874 450 1919 vel
503 1879 687 1932 peccato
730 1909 740 1920 .
781 1875 978 1920 Poenam
1031 1887 1112 1933 pro
1165 1880 1350 1933 peccato
1403 1876 1548 1933 ponit,
1601 1876 1768 1921 scilicet
1819 1887 1898 1934 per
1947 1875 1993 1920 id
2044 1874 2170 1934 quod

381 1946 579 2003 sequitur
618 1946 678 1990 id·
711 1946 833 2004 quod
882 1947 1105 2004 praecedit
1150 1947 1395 1992 ostendens
1437 1982 1447 1993 .
1490 1947 1606 1992 Nam
1654 1952 1885 2005 peccatum
1932 1946 2170 2005 praecedit,

383 2017 506 2074 quod
558 2017 670 2062 iuste
728 2029 876 2075 poena
927 2018 1212 2075 subsequitur
1253 2052 1264 2064 .
1308 2018 1428 2076 Ergo
1480 2019 1662 2064 alterum
1722 2031 1804 2076 pro
1855 2018 1993 2065 altero
2042 2018 2171 2076 poni-

328 2103 364 2133 π
382 2092 461 2134 tur.
475 2104 518 2134 ss
601 2088 748 2133 Nova
781 2090 1034 2146 quaedam
1059 2102 1069 2112 ·
1093 2089 1310 2144 Fortasse,
1343 2090 1498 2148 inquit,
1530 2091 1642 2136 deus
1673 2090 1776 2135 tecit
1806 2102 1971 2136 novam
1993 2101 2171 2137 carnem

381 2171 496 2217 quae
527 2171 620 2204 non
653 2160 833 2205 haberet
863 2161 1079 2218 originale
1111 2166 1357 2219 peccatum:
1379 2178 1422 2206 ss
1487 2162 1709 2207 Mentita
1741 2162 1996 2208 divinitas
2018 2172 2030 2185 ·
2053 2160 2171 2207 Nam

381 2243 447 2285 ea,
481 2242 595 2288 quae
617 2231 922 2285 ostenduntur,
954 2232 991 2277 si
1014 2244 1107 2277 non
1129 2238 1244 2287 sunt,
1278 2234 1430 2291 utique
1451 2233 1562 2279 falsa
1582 2238 1698 2279 sunt.
1722 2250 1765 2279 ss
1866 2233 1995 2279 Vera
2025 2244 2037 2256 ·
2069 2232 2173 2279 Hoc

381 2313 474 2347 non
507 2306 654 2359 potest
684 2314 784 2348 esse
816 2308 862 2348 ut
892 2304 948 2348 sit
978 2315 1080 2349 vera
1112 2316 1214 2350 caro
1247 2305 1443 2350 hominis
1474 2305 1558 2350 nisi
1591 2317 1645 2351 ex
1676 2305 1873 2351 homine.
1894 2321 1938 2351 aa
2017 2303 2139 2360 Quo
2160 2315 2172 2329 ·

383 2373 439 2419 ad
471 2373 592 2431 quid.
624 2391 666 2420 ss
785 2373 1082 2432 Tragoedia
1115 2387 1125 2398 ·
1157 2375 1434 2434 Tragoediae
1466 2389 1535 2422 res
1566 2377 1757 2422 ludicras
1789 2382 1832 2422 et
1864 2381 2174 2423 monstruosas

329 2460 367 2490 ao
384 2444 637 2490 describunt
668 2480 678 2491 .
710 2445 757 2491 Si
789 2457 897 2503 ergo
930 2458 1033 2492 caro
1065 2446 1223 2492 Christi
1265 2460 1357 2493 non
1395 2452 1462 2493 est
1492 2453 1669 2506 sumpta
1706 2460 1760 2494 ex
1792 2460 1923 2494 came
1962 2447 2173 2503 bominis,

386 2516 512 2573 quasi
542 2517 772 2574 tragoedia
802 2517 881 2562 erit
912 2518 1123 2575 quicquid
1156 2518 1212 2563 de
1244 2519 1415 2564 domini
1446 2520 1676 2565 salvatoris
1707 2520 1931 2565 nativitate
1961 2519 2174 2578 scriptura

385 2591 537 2632 sancta
579 2587 707 2632 reiert
740 2622 750 2633 .
784 2587 945 2646 Neque
987 2589 1105 2634 enim
1150 2591 1295 2647 magis
1338 2595 1671 2636 monstruosum
1704 2591 1783 2636 erit
1826 2590 1951 2649 quod
1981 2590 2173 2636 dicimus

386 2656 461 2715 (cs.
482 2657 603 2715 Vlrg.
625 2656 734 2703 Aen.
756 2660 799 2713 4,
817 2660 923 2717 470)
953 2661 1162 2717 geminos
1201 2661 1323 2707 soles
1354 2662 1646 2720 duplicesque
1677 2661 1855 2708 Thebas
1887 2674 2022 2720 quam
2063 2661 2173 2707 illud

385 2728 704 2787 quodcumque
725 2729 783 2775 de
803 2729 961 2775 Christi
993 2732 1279 2789 generatione
1310 2733 1481 2790 legitur.
1502 2749 1545 2778 ss
1605 2733 1845 2778 Ambitus
1877 2732 2172 2792 passionis·

331 2815 370 2846 as
386 2798 614 2845 Ambitum
636 2805 767 2847 vocat
796 2800 1044 2847 diuturnam
1067 2802 1224 2847 Christi
1257 2804 1510 2861 patientiam
1543 2804 1588 2849 in
1621 2804 1833 2862 passione
1854 2839 1865 2850 .
1889 2803 2031 2859 Quasi
2051 2805 2171 2851 enim

387 2870 569 2929 quidam
590 2871 783 2918 ambitus
804 2873 1028 2930 passionis
1049 2873 1142 2928 tuit,
1165 2874 1271 2919 dum
1294 2879 1359 2920 tot
1379 2875 1646 2933 opprobriis,
1676 2876 1988 2931 derisionibus,
2014 2876 2173 2935 sputis,

529 3038 553 3075 4
577 3038 707 3076 subtus
723 3037 783 3076 bis
798 3048 973 3086 umquam
990 3048 1065 3076 om.
1085 3038 1120 3077 C
1209 3039 1234 3077 5
1258 3040 1497 3078 Ascribere
1523 3041 1605 3088 ιτα]
1635 3042 1679 3083 U.
1705 3052 1778 3079 om.
1799 3040 1865 3079 CB
1945 3042 1971 3079 9
1994 3041 2174 3080 Sanctis

386 3096 470 3144 mxl
495 3106 569 3135 om.
588 3095 623 3135 C
701 3097 745 3136 16
769 3097 903 3136 Nasci
923 3126 931 3136 .
949 3100 1031 3136 slne
1056 3103 1207 3147 peceato
1236 3098 1269 3137 C
1340 3100 1398 3137 21.
1417 3100 1463 3137 22
1489 3102 1594 3137 morti
1620 3102 1679 3138 vel
1706 3106 1858 3148 peccato
1883 3111 1957 3140 om.
1974 3100 2019 3143 Β,
2043 3102 2176 3151 agene

389 3153 528 3195 olom
548 3156 589 3194 In
616 3156 655 3196 U
785 3157 828 3196 ³1
858 3158 906 3195 de
930 3158 1072 3196 domini
1100 3157 1144 3199 C.
1169 3159 1310 3197 domini
1337 3159 1379 3200 Β,
1406 3160 1454 3197 de
1482 3160 1595 3199 UMF
