2352 3568
946 265 1134 302 Johannes
1159 264 1316 302 Scottus
1960 268 2016 311 77

20 372 131 452 {212
145 406 183 436 ⁵0
236 397 424 442 dicimus
465 409 518 441 ex
548 396 718 454 virgine
750 401 915 450 natum,
948 409 1049 442 curn
1089 408 1182 441 non
1215 396 1326 441 deus
1366 396 1613 440 secundum
1645 408 1771 440 suam
1804 401 2015 450 naturam,

234 468 315 513 sed
348 469 486 513 homo
518 480 571 512 ex
603 481 655 513 ea
686 472 814 513 natus
846 468 933 513 sit.
956 468 1089 514 Unde
1120 473 1164 513 et
1193 469 1290 526 ipsa
1310 468 1437 525 virgo
1467 468 1748 521 theotochos,
1781 467 1826 511 id
1858 471 1924 511 est
1945 468 2016 511 dei

235 539 444 596 genetrix,
476 544 670 585 vocatur.
692 555 733 584 ss
795 540 934 584 Deus
964 544 1134 584 tamen
1167 551 1390 597 passus·
1413 539 1550 593 Quod
1582 551 1675 583 non
1706 539 1762 583 sit
1784 539 1893 583 deus
1916 551 2016 583 cum

235 611 417 655 homine
457 615 687 668 assumpto
728 611 772 655 in
815 611 987 656 Christo
1029 624 1202 669 passus,
1253 611 1377 668 plura
1417 611 1509 655 dari
1550 614 1740 667 possunt
1780 610 2015 667 exempla.

199 694 217 723 ⁵
235 681 495 727 Multotiens
526 694 718 738 namque
739 682 943 726 videmus
975 683 1144 727 radium
1175 682 1285 727 solis
1317 683 1362 726 in
1394 682 1563 735 arbore,
1596 682 1677 726 sed
1710 681 1839 726 arbor
1869 684 2017 738 potest

234 753 382 807 incidi,
427 754 573 798 radius
612 766 718 798 vero
759 754 952 808 minime,
995 767 1047 798 ac
1088 767 1166 811 per
1205 755 1292 799 hoc
1332 754 1502 810 absque
1543 753 1754 810 passione
1794 756 1873 806 est,
1915 764 2016 796 cum

234 824 364 868 arbor
402 824 588 881 patiatur
621 858 630 869 .
666 825 725 868 Ita
768 825 898 881 igitur
938 829 980 870 et
1018 826 1222 870 divinitas
1266 826 1310 869 in
1354 825 1622 869 humanitate
1665 824 1762 868 sine
1805 824 2016 881 passione

233 894 326 940 fuit.
347 911 390 940 33
499 894 615 939 Non
647 896 943 940 substantia
976 897 1269 941 divinitatis
1293 908 1303 918 ·
1326 896 1371 939 id
1403 899 1488 940 est:
1521 907 1613 939 non
1646 895 1768 952 quod
1800 895 1938 939 homo
1971 894 2016 938 in

234 965 503 1010 divinitatem
535 978 688 1010 versus
719 967 786 1011 sit.
809 983 850 1011 33
911 967 1267 1024 Intelligentia
1299 967 1662 1011 discernantur
1684 965 2017 1022 ‘Intellegentia

181 1048 217 1078 10
234 1036 550 1090 discernuntur,
592 1049 692 1081 cum
733 1037 778 1081 in
811 1038 983 1082 Christo
1025 1039 1109 1083 alia
1151 1039 1436 1095 cognoscitur
1475 1050 1575 1082 esse
1616 1041 1768 1081 natura
1808 1037 2015 1089 hominis,

235 1107 319 1152 alia
351 1107 423 1152 dei
454 1142 464 1151 .
497 1107 662 1152 Rursus
703 1109 1001 1166 intellegentia
1042 1110 1370 1166 permiscentur,
1413 1121 1513 1152 cum
1556 1108 1614 1161 id,
1658 1108 1779 1164 quod
1822 1108 1893 1151 dei
1936 1111 2015 1160 est,

233 1179 459 1236 proprium
493 1179 549 1223 de
580 1180 762 1224 homine
794 1181 961 1234 dicitur,
1004 1185 1047 1225 et
1086 1193 1246 1234 rursus,
1290 1180 1413 1236 quod
1450 1192 1581 1223 suurn
1614 1183 1680 1222 est
1720 1179 1927 1230 hominis,
1961 1178 2017 1222 de

234 1249 322 1294 deo
354 1250 627 1306 praedicatur
656 1256 835 1308 propter
865 1265 998 1296 unam
1021 1252 1299 1308 eandemque
1331 1263 1568 1308 personam
1592 1250 1663 1294 dei
1686 1252 1729 1294 et
1750 1250 1957 1294 hominis.
1976 1265 2017 1293 ss

234 1319 307 1364 Eo
349 1321 489 1377 quod
521 1334 547 1366 a
584 1322 683 1367 deo
716 1334 726 1344 ·
759 1310 942 1380 Propter
972 1327 1270 1367 assumentem
1304 1322 1438 1366 deum
1472 1322 1627 1366 dicitur
1657 1322 1795 1365 homo
1829 1320 1952 1364 deus.
1975 1336 2017 1364 ss

182 1403 216 1432 15
234 1390 374 1435 Deus
414 1393 777 1450 assumptione
809 1404 819 1416 ·
853 1394 956 1450 quia
988 1397 1243 1450 assumptus
1275 1397 1342 1437 est
1373 1405 1398 1436 a
1430 1393 1532 1437 deo.
1562 1409 1604 1437 33
1725 1392 1895 1436 Homo
1938 1404 2016 1435 as-

233 1463 567 1519 sumptione·
592 1477 724 1520 quem
757 1465 952 1520 suscepit
984 1465 1108 1508 deus.
1130 1481 1171 1508 33
1292 1464 1345 1508 ln
1377 1476 1438 1507 eo
1468 1476 1477 1485 ·
1509 1463 1695 1507 Christo.
1719 1479 1760 1507 33
1886 1462 2016 1507 Sub-

233 1534 426 1578 stantia
449 1546 459 1556 ·
483 1534 736 1579 Substantia
779 1536 866 1580 hoc
910 1536 1012 1580 loco
1057 1536 1303 1580 secundum
1347 1535 1527 1579 Latinos
1571 1547 1651 1592 pro
1695 1539 1847 1590 natura
1890 1534 2016 1590 poni-

231 1608 312 1649 tur.
334 1620 376 1648 33
475 1605 615 1650 Duas
647 1606 857 1651 hereses
880 1618 890 1628 ·
915 1607 1109 1651 Eutichis
1141 1610 1184 1651 et
1214 1606 1421 1651 Nestorii.
1443 1622 1484 1651 33
1575 1606 1723 1650 Sicut
1752 1606 1971 1650 virtutes
2004 1617 2014 1627 ·

234 1675 358 1719 Haec
388 1676 539 1732 regula
571 1677 840 1722 Christianae
871 1678 977 1722 fidei
1010 1682 1088 1722 est.
1110 1693 1152 1722 33
1226 1677 1457 1722 Medium
1489 1681 1701 1721 tenent·
1725 1676 2016 1720 meditullium

178 1759 215 1788 20
233 1750 277 1790 et
306 1747 605 1802 medietatem;
651 1753 717 1793 est
748 1753 892 1793 autem
931 1749 1179 1793 neutraliter
1210 1749 1374 1792 dictum
1399 1782 1408 1793 .
1431 1748 1554 1792 Sicut
1585 1752 1730 1792 autem
1763 1748 1808 1791 in
1832 1747 2018 1803 Catego-

232 1817 306 1862 riis
346 1817 535 1874 legimus
576 1818 830 1876 (Angustia.
866 1819 965 1865 Cat.
996 1819 1106 1865 Dec,
1143 1820 1210 1873 18,
1250 1820 1411 1875 Migne
1448 1819 1600 1863 XXXII
1627 1819 1771 1876 1438),
1814 1823 2019 1875 quattuor

231 1888 410 1933 virtutes
454 1890 723 1946 peripatetici
767 1891 936 1935 medias
981 1903 1081 1935 esse
1127 1891 1339 1944 dixerunt,
1393 1894 1613 1948 ponentes
1657 1890 1864 1934 iustitiam
1907 1891 2018 1933 inter

233 1959 499 2016 pleonexian
531 1965 573 2005 et
603 1962 870 2014 mionexian‚
915 1962 959 2006 id
992 1967 1059 2006 est
1095 1962 1196 2019 plus
1237 1962 1399 2006 iustum
1432 1966 1475 2006 et
1514 1962 1661 2005 minus
1702 1961 1878 2014 iustum,
1920 1973 2016 2017 pru-

233 2030 426 2075 dentiam
458 2031 569 2076 inter
587 2033 822 2077 versutiam
847 2037 889 2077 et
920 2033 1248 2086 hebetudinem,
1281 2033 1581 2077 fortitudinem
1613 2033 1723 2076 inter
1741 2032 2015 2076 timiditatem

179 2114 215 2144 as
233 2105 277 2146 et
306 2101 551 2156 audaciam,
594 2103 928 2159 temperantiam
968 2104 1079 2147 inter
1118 2103 1331 2147 luxuriam
1364 2108 1406 2147 et
1445 2103 1825 2147 insensibilitatem
1858 2137 1868 2147 .
1899 2103 2016 2146 Nam

232 2171 400 2216 luxuria
431 2173 616 2217 modurn
648 2174 820 2217 excedit
840 2186 1035 2227 omnem,
1068 2174 1382 2218 insensibilitas
1403 2186 1510 2218 vero
1543 2173 1653 2217 infra
1682 2173 2015 2230 temperantiam

233 2242 444 2297 subsistit,
495 2244 663 2300 quippe
695 2245 818 2300 quod
860 2245 966 2288 nihil
999 2245 1131 2289 sentit
1162 2244 1420 2288 insensibile
1453 2245 1609 2288 dicitur
1639 2278 1648 2288 .
1680 2243 1808 2288 Verbi
1857 2244 2013 2300 gratia:

232 2317 336 2357 sunt
375 2326 490 2370 quae
529 2327 664 2358 sensu
696 2300 871 2359 auditus
912 2320 1099 2370 careant,
1141 2315 1213 2360 alii
1254 2328 1389 2359 sensu
1429 2315 1624 2368 videndi,
1667 2315 1739 2359 alii
1777 2314 2014 2359 olfaciendi

234 2388 365 2440 atque
396 2384 469 2428 alii
500 2386 706 2441 gustandi
727 2398 908 2430 sensum
940 2387 1255 2443 perdiderunt.
1278 2386 1332 2430 Et
1353 2386 1397 2430 hi
1418 2387 1686 2430 manducant
1706 2385 1901 2442 quidem,
1934 2386 2014 2429 sed

178 2472 215 2501 30
234 2455 361 2499 cibos
402 2455 648 2501 discernere
679 2469 771 2501 non
803 2462 992 2513 possunt
1032 2458 1266 2502 dulcedine
1307 2461 1381 2501 aut
1417 2457 1719 2510 amaritudine,
1762 2460 1804 2500 et
1842 2456 2013 2509 bibunt,

233 2525 314 2570 sed
346 2538 627 2582 nequaquam
649 2532 781 2583 gustu
803 2528 969 2584 aliquid
992 2528 1245 2573 discernunt
1267 2562 1276 2572 .
1301 2527 1390 2582 Qui
1412 2528 1542 2584 igitur
1562 2528 1650 2571 hoc
1670 2527 1809 2571 modo
1831 2539 2014 2571 sensum

233 2596 446 2650 amittunt,
487 2598 819 2654 temperantiam
852 2599 1014 2643 habere
1045 2611 1137 2643 non
1178 2603 1380 2656 possunt,
1423 2598 1635 2654 quoniam
1677 2597 1799 2642 illum
1830 2610 2013 2642 sensum

233 2679 368 2712 nemo
399 2672 547 2724 potest
575 2673 818 2725 temperare
858 2682 936 2727 per
966 2682 1099 2726 quem
1132 2670 1239 2714 nihil
1270 2670 1402 2714 sentit
1423 2703 1433 2714 .
1454 2669 1762 2726 Temperantia
1794 2681 1901 2725 ergo
1933 2673 2012 2722 est,

234 2737 415 2794 quando
447 2741 490 2783 et
520 2740 717 2796 cognitio
748 2753 960 2785 sensuum
993 2741 1118 2786 adest
1149 2745 1192 2785 et
1221 2741 1330 2785 ratio
1363 2753 1477 2797 quae
1508 2753 1638 2784 usum
1661 2752 1814 2784 eorum
1846 2740 2014 2784 medio-

179 2824 216 2853 35
234 2808 358 2852 criter
395 2810 624 2866 restringat
654 2844 664 2855 .
695 2811 853 2855 Libido
884 2823 990 2855 vero
1032 2816 1099 2856 est
1138 2812 1225 2855 iam
1267 2824 1375 2855 usus
1406 2811 1655 2864 effrenatus,
1698 2811 2012 2873 insensibilitas

235 2890 350 2934 quae
380 2880 487 2924 nihil
517 2882 667 2925 sensit.
689 2897 732 2926 33
849 2883 1186 2927 Medietatem
1227 2883 1386 2938 igitur
1421 2882 1586 2926 virtus
1616 2885 1759 2925 tenet
1791 2892 1800 2902 ·
1833 2881 2012 2924 Medius

234 2949 361 2993 locus
392 2962 568 3007 semper
597 2955 663 2995 est
693 2953 1006 3007 honorabilior,
1039 2954 1158 2998 unde
1188 2957 1231 2997 et
1259 2953 1437 2997 virtutes
1468 2952 1642 2995 mediae
1672 2955 1775 2994 sunt
1803 2955 1846 2995 et
1876 2952 2012 2995 hone-

377 3054 499 3101 8quo
524 3056 558 3092 F
697 3057 1030 3094 20naturaliterB
1149 3059 1287 3094 dictum
1313 3059 1544 3104 quocirca
1570 3058 1611 3092 si
1638 3058 1870 3102 quattuor
1894 3058 2011 3093 haec

235 3123 330 3159 quae
354 3114 514 3150 dicturus
538 3118 594 3151 est
616 3116 683 3151 sed
707 3126 808 3152 esse
830 3120 1023 3163 possunt
1046 3118 1134 3164 (vgl.
1150 3119 1265 3152 unten
1282 3117 1320 3153 S.
1335 3117 1392 3159 78,
1402 3116 1437 3159 3)
1465 3116 1543 3151 ΜΡ
1686 3116 1732 3152 23
1758 3118 1963 3152 meonisian
1980 3117 2014 3152 F

173 3179 176 3181 ’
235 3173 282 3209 28
296 3173 494 3210 olfaciundi
511 3174 548 3211 U
590 3173 632 3210 31
650 3184 882 3221 nequaquam
897 3177 989 3211 inter
998 3178 1126 3212 vinum
1140 3179 1175 3212 et
1188 3186 1319 3221 aquam
1338 3175 1374 3213 U
1418 3175 1465 3211 35
1478 3177 1667 3222 restringat
1683 3175 1726 3215 U,
1743 3177 1923 3222 restringit
1935 3175 2014 3211 ΜΡ
