2352 3568
951 249 1139 286 ,lohannes
1163 247 1320 286 Scottus.
1962 251 2020 296 59

16 375 20 380 ”
53 363 106 445 ξω
134 390 172 420 ⁴⁸
242 384 476 425 mutamus.
498 396 540 425 33
659 380 1058 438 Exemplaribus
1090 392 1100 402 ·
1131 380 1176 424 id
1208 385 1276 425 est
1304 380 1677 434 translationibus,
1719 384 1766 424 ut
1796 392 1884 438 ego
1923 381 2020 438 ipse

18 666 25 708 -ss
18 585 26 653 ,va-,n
18 540 24 566 ‚af
15 454 25 476 ι,

56 714 59 715 ,
52 468 68 667 ·,<-⁴.''1‘,*

241 451 476 497 emendem
513 485 524 496 .
562 451 840 509 Exemplaria
886 452 1053 509 quippe
1098 456 1230 497 vocat
1282 451 1664 508 transscriptiones
1717 455 1943 496 cartarum.
1979 469 2021 497 33

241 523 448 568 Calcem
477 535 487 545 ·
518 535 739 567 summam
771 523 1101 580 perfectionem.
1123 539 1166 568 33
1275 522 1437 567 Cuius
1460 535 1470 545 ·
1493 522 1701 568 Simachi.
1724 539 1766 567 ss
1877 522 1976 567 Res
2009 534 2019 545 ·

241 593 404 640 Omnis
440 607 510 640 res
550 595 671 652 prius
711 594 916 651 loquitur,
966 595 1129 640 deinde
1167 595 1369 639 scribitur
1407 599 1451 639 et
1488 594 1627 639 semel
1675 595 1927 641 transfertur
1964 595 2020 639 ad

204 680 225 709 s
242 665 404 719 stilum,
446 666 551 722 quia
582 678 683 710 cum
714 666 894 722 saepius
926 667 1069 723 possit
1098 678 1168 710 res
1200 666 1245 710 in
1276 665 1503 710 locutione
1534 665 1671 722 repeti
1702 677 1795 710 non
1828 666 1887 710 ita
1918 678 2022 710 con-

241 737 361 781 venit
399 748 498 781 eam
529 737 693 793 scripto
734 740 930 793 repetere
968 737 1082 781 sicut
1110 737 1270 781 verbis.
1292 753 1335 781 33
1455 736 1685 781 Extremi
1717 749 1727 758 ·
1761 737 1888 793 quasi
1929 736 2021 781 duo

239 807 426 851 termini.
447 822 490 851 33
581 806 795 851 Errores
817 819 827 829 ·
850 807 1042 852 Extremi
1073 820 1239 852 errores
1269 807 1484 861 dicuntur,
1516 807 1620 864 quia
1651 808 1761 852 inter
1791 808 1875 852 hos
1907 808 2023 852 duos

241 877 390 922 media
419 877 637 922 collooeta
668 882 735 922 est
773 878 887 922 fides
919 878 1164 923 Christiana
1197 914 1207 924 .
1238 879 1352 923 Inter
1390 879 1478 923 hoc
1508 879 1626 923 enim
1660 878 1783 935 quod
1815 878 2022 923 Eutiches

242 951 311 992 ‘ex
342 948 515 993 duabus
546 953 590 993 et
627 961 721 993 non
760 949 806 992 in
838 949 1025 994 duabus’
1067 955 1111 994 et
1150 951 1237 995 hoc
1268 951 1390 1007 quod
1422 950 1655 994 Nestorius
1687 950 1792 994 dicit
1822 953 1929 994 ‘non
1969 962 2023 994 ex

189 1037 225 1068 ιο
242 1019 417 1064 duabus
455 1019 537 1064 sed
577 1020 623 1064 in
664 1019 852 1064 duabus’
885 1021 1082 1065 medium
1114 1021 1264 1065 locum
1295 1021 1409 1065 fides
1441 1022 1575 1066 habet
1606 1021 1864 1074 Christiana,
1908 1033 2023 1077 quae

242 1090 347 1134 dicit
367 1094 411 1134 et
428 1102 484 1135 ex
513 1090 687 1135 duabus
708 1095 752 1135 et
781 1091 827 1134 in
857 1091 1031 1135 duabus
1063 1096 1167 1148 post
1186 1092 1502 1136 adunationem
1534 1091 1752 1136 mansisse
1783 1092 1960 1136 naturis.
1982 1107 2025 1136 33

242 1161 578 1206 Medietatem
611 1173 621 1184 ·
653 1162 846 1206 mediam
880 1162 1129 1215 collocabo,
1163 1163 1268 1219 quia
1298 1163 1433 1207 virtus
1465 1162 1612 1206 media
1643 1166 1723 1206 est.
1746 1178 1788 1206 33
1877 1162 2024 1206 Tem—

242 1233 439 1289 perabo
471 1244 482 1254 ·
513 1233 558 1277 id
598 1237 665 1277 est
704 1233 937 1277 ostendam
969 1237 1270 1290 temperatam.
1292 1250 1334 1278 33
1444 1233 1831 1278 Contrariarum
1864 1246 1875 1256 ·
1906 1233 2026 1277 Alter

243 1303 418 1348 dicebat
455 1303 501 1347 in
533 1303 706 1348 Christo
747 1304 859 1348 duas
901 1308 1077 1348 naturas
1108 1309 1152 1349 et
1182 1305 1293 1349 duas
1334 1317 1563 1361 personas,
1605 1305 1712 1348 alter
1741 1317 1847 1349 vero
1890 1317 2023 1348 unam

190 1398 226 1428 15
242 1379 441 1420 naturam
473 1380 516 1420 et
545 1388 679 1420 unam
711 1388 963 1433 personam.
984 1393 1027 1420 33
1136 1383 1385 1422 ΛιΡεεεωΝ
1414 1389 1424 1399 ·
1447 1377 1627 1420 Heresis
1659 1375 1842 1429 Graece,
1874 1376 2025 1420 Latine

243 1450 364 1490 secta
394 1481 404 1491 .
436 1446 592 1492 Sectae
622 1459 729 1492 vero
761 1461 787 1492 a
817 1448 955 1492 verbo
988 1449 1111 1505 quod
1144 1453 1211 1493 est
1250 1461 1416 1505 sequor
1446 1483 1456 1492 .
1489 1447 1608 1504 Ergo
1650 1448 1757 1492 nihil
1798 1448 1918 1491 aliud
1960 1452 2027 1491 est

243 1522 364 1562 secta
394 1518 479 1562 nisi
510 1519 667 1563 ductus
698 1519 894 1576 quidam,
927 1519 1033 1563 dum
1066 1520 1111 1564 id
1132 1520 1329 1576 sequitur
1358 1519 1666 1575 unusquisque
1689 1519 1812 1575 quod
1835 1518 1969 1574 eligit.
1984 1534 2026 1562 33

246 1588 320 1633 De
350 1589 595 1646 personis
618 1601 628 1612 ·
651 1590 847 1634 Persona
878 1591 1073 1647 speciale
1104 1595 1182 1643 est,
1215 1595 1367 1635 natura
1398 1590 1617 1647 generale.
1639 1606 1682 1635 33
1784 1590 1924 1633 Haec
1947 1601 1957 1611 ·
1980 1589 2026 1632 id

245 1663 312 1704 est
341 1671 533 1716 persona
564 1665 607 1704 et
636 1665 801 1705 natura.
823 1677 865 1705 33

191 1754 229 1785 20
388 1731 417 1776 1.
449 1731 591 1775 Solis
610 1745 619 1753 ·
638 1732 694 1776 de
714 1732 799 1777 illis
821 1733 985 1776 naturis
1006 1745 1121 1789 quae
1142 1732 1187 1776 in
1208 1733 1445 1789 speciebus
1466 1736 1581 1785 sunt,
1603 1733 1717 1776 sicut
1737 1733 1889 1784 homo,
1913 1743 2027 1787 quae

245 1802 420 1858 species
442 1802 645 1847 animalis
666 1807 745 1856 est,
768 1807 811 1847 et
831 1815 974 1859 equus
996 1808 1039 1847 et
1058 1804 1157 1848 bos.
1172 1816 1214 1845 33
1259 1803 1358 1847 Aut
1378 1804 1440 1847 de
1461 1803 1593 1847 solis
1614 1803 1926 1847 substantiis
1949 1814 1959 1824 ·
1983 1802 2027 1846 id

246 1877 314 1917 est
333 1874 549 1918 animatis.
570 1886 615 1916 ss
675 1873 960 1931 Corporeis
983 1886 993 1896 ·
1017 1879 1064 1918 ut
1084 1874 1356 1931 excipiantur
1376 1875 1632 1919 accidentia.
1647 1891 1689 1919 33
1742 1873 2024 1919 Omnibus·

244 1948 334 1988 tam
366 1944 423 1989 de
452 1945 708 1990 substantiis
739 1958 873 2002 quam
895 1946 1211 1990 accidentibus
1232 1958 1276 1988 33
1332 1946 1679 2002 Quocumque
1703 1957 1712 1967 ·
1734 1946 1806 1990 vel
1827 1945 2029 1989 substan-

246 2015 402 2060 tialiter
419 2016 490 2060 vel
521 2016 857 2061 accidentaliter.
870 2029 914 2059 ss
975 2017 1098 2061 Cum
1130 2017 1266 2060 sint·
1289 2017 1360 2061 vel
1392 2018 1643 2061 substantes
1674 2017 1744 2061 vel
1777 2016 2027 2060 accidentes

194 2109 231 2139 25
247 2087 531 2132 substantiae.
553 2103 595 2132 33
694 2088 925 2144 Quoquo
947 2089 1105 2132 modo
1129 2100 1139 2110 ·
1163 2088 1268 2133 Ideo
1300 2089 1497 2132 additum
1530 2093 1597 2132 est
1628 2092 1829 2144 ‘quoquo
1857 2086 2026 2139 modo'‚

248 2157 461 2214 quoniam
492 2171 787 2215 unaquaeque
817 2171 886 2203 res
907 2171 1000 2202 non
1032 2159 1090 2202 ita
1120 2159 1373 2215 intelligitur
1402 2159 1529 2203 sicuti
1560 2163 1639 2211 est,
1671 2159 1751 2202 sed
1783 2170 1864 2214 pro
1898 2162 2028 2213 captu

248 2229 422 2272 mentis.
439 2245 482 2274 33
526 2229 853 2274 Definitione
868 2242 878 2252 ·
896 2230 1114 2274 Diffinitio
1134 2230 1233 2274 talis
1255 2242 1355 2274 esse
1377 2231 1522 2283 debet,
1545 2235 1591 2274 ut
1612 2234 1655 2274 et
1674 2234 1815 2273 totum
1838 2228 2028 2286 perfecte

249 2299 366 2344 dicat
389 2312 473 2344 nec
488 2300 655 2357 aliquid
676 2301 777 2358 plus
800 2314 933 2357 quam
955 2301 1133 2357 expedit
1153 2301 1344 2358 proferat
1374 2336 1384 2345 .
1411 2301 1530 2357 Ergo
1552 2300 1729 2357 singula
1750 2299 2028 2343 diffinitionis

249 2370 383 2415 verba
413 2372 568 2428 repetit
598 2376 641 2416 et
661 2373 888 2429 ponderat.
908 2388 951 2416 33
1001 2373 1141 2416 Haec
1162 2373 1298 2416 enim
1323 2386 1332 2394 ·
1356 2377 1398 2416 et
1418 2372 1662 2416 substantia
1683 2376 1726 2416 et
1746 2371 1966 2415 accidens.
1988 2385 2030 2414 33

194 2464 232 2493 30
251 2440 512 2495 Quoniam
534 2443 662 2487 deus
684 2455 694 2465 ·
717 2444 976 2499 generaliter
990 2444 1098 2487 dixit
1113 2456 1193 2500 pro
1210 2443 1387 2488 informi
1404 2444 1594 2487 materia.
1617 2459 1659 2487 33
1719 2442 1994 2486 Intellectu
2016 2451 2028 2463 ·

250 2512 373 2557 Deus
383 2525 410 2557 a
421 2513 545 2558 nullo
559 2527 771 2571 umquam
785 2515 968 2571 intellig-i
982 2515 1125 2571 potuit
1138 2515 1319 2558 homine
1329 2514 1398 2558 vel
1411 2514 1573 2570 angelo
1587 2513 1832 2558 secundum
1846 2512 1892 2556 id
1907 2511 2029 2568 quod

250 2586 331 2637 est,
362 2584 528 2628 scimus
558 2587 707 2629 tamen
739 2586 843 2641 quia
874 2586 942 2629 sit.
985 2585 1234 2629 Privatione
1256 2597 1364 2641 ergo
1396 2585 1625 2629 alterarum
1657 2596 1799 2628 rerum
1831 2583 2029 2639 quodam

250 2655 391 2700 modo
422 2660 570 2712 potest
599 2656 782 2712 intelligi
805 2691 815 2700 .
838 2656 961 2700 Deus
983 2657 1114 2712 igitur
1134 2660 1201 2700 est
1221 2657 1343 2712 quod
1369 2668 1453 2700 nec
1474 2656 1624 2700 album
1647 2659 1713 2699 est
1733 2666 1816 2698 nec
1840 2654 2029 2710 nigrum,

251 2739 336 2771 nec
365 2739 578 2784 magnum
610 2739 693 2771 nec
724 2740 922 2784 parvum,
965 2740 1048 2772 nec
1079 2727 1171 2771 ullo
1203 2727 1306 2771 loco
1339 2728 1506 2784 capitur
1528 2761 1538 2771 .
1561 2727 1717 2771 Iterum
1750 2726 1837 2770 alio
1869 2725 2029 2769 modo:

199 2815 237 2845 33
254 2797 466 2854 quicquid
506 2801 697 2843 creatum
730 2803 796 2843 est
826 2799 937 2843 deus
977 2811 1070 2843 non
1102 2801 1187 2852 est;
1229 2799 1441 2855 quicquid
1474 2801 1666 2842 creatum
1698 2810 1790 2841 non
1822 2799 1889 2840 est
1919 2796 2031 2858 deus

253 2871 352 2913 est.
374 2868 582 2913 Similiter
610 2869 809 2914 informis
841 2870 1020 2914 materia
1051 2881 1198 2926 neque
1229 2882 1303 2914 aer
1323 2871 1390 2913 est
1419 2881 1566 2925 neque
1596 2871 1706 2912 terra
1737 2879 1883 2923 neque
1914 2866 2031 2921 ignis

254 2951 400 2995 neque
421 2952 550 2996 aqua.
571 2956 613 2984 33
659 2940 806 2994 Quae
838 2953 951 2984 cum
983 2941 1087 2984 sint
1109 2952 1119 2962 ·
1142 2952 1177 2984 s.
1200 2952 1282 2984 res.
1304 2956 1346 2984 33
1396 2939 1539 2983 Nihil
1563 2951 1572 2961 ·
1596 2939 1717 2982 Nihil
1739 2937 2029 2994 privationem

400 3045 444 3081 17
469 3045 587 3093 diligit
614 3046 652 3084 U
743 3047 786 3083 21
814 3047 1105 3083 Praedicatur
1123 3074 1131 3083 .
1149 3047 1364 3092 spetialibus
1391 3046 1495 3091 (nadz
1519 3045 1602 3080 bos.
1628 3045 1678 3088 33)
1707 3042 1749 3083 C,
1769 3043 1872 3088 fehlt
1895 3043 1935 3079 in
1959 3043 2033 3078 den

255 3105 412 3151 abrigen
435 3104 749 3151 Handschriften,
775 3106 852 3152 vgl.
869 3106 931 3142 dle
954 3106 1089 3141 Lesart
1110 3105 1150 3141 in
1175 3105 1331 3150 Peipers
1354 3104 1389 3139 E
1475 3103 1521 3139 27
1547 3104 1620 3139 das
1643 3102 1794 3138 Lemma
1815 3102 1918 3147 fehlt
1940 3102 1980 3137 in
2000 3100 2034 3138 C

196 3180 200 3181 ν
255 3163 303 3200 30
326 3163 553 3211 generaliter]
579 3167 622 3212 ᾗ
649 3164 752 3202 UBC
