2352 3568
392 250 447 296 74
1157 246 1196 283 F„
1215 245 1257 283 κ.
1275 245 1390 289 Rana,
1439 270 1441 272 .

178 392 315 424 mum
532 381 598 427 vi.
644 381 879 427 Humana
914 392 924 403 ·
960 384 1005 424 ut
1049 378 1256 423 Eutiches
1300 381 1435 435 putat.
1470 392 1512 421 aa
1616 374 1958 435 Temperatae
1992 388 2003 400 ·
2037 376 2180 424 modi·

391 453 560 499 ficatae.
593 470 635 498 es
747 451 1007 497 Divinitas
1043 462 1052 473 ·
1087 455 1191 495 tunc
1235 461 1327 494 non
1372 452 1520 507 potest
1562 447 1731 493 salvare
1774 448 2107 495 humanitatem.
2137 464 2182 495 u

391 524 552 570 Nefas
586 537 597 547 ·
633 523 769 569 Nefas
812 528 878 568 est
920 523 1036 567 dictu
1079 521 1201 579 quod
1244 520 1450 565 divinitas
1480 531 1607 565 versa
1649 519 1782 564 sitin
1826 519 2143 567 humanitatem
2167 553 2179 566 .

389 594 681 641 Tolerabilius
718 595 835 640 enim
879 599 1117 651 utcumque
1158 596 1224 637 est
1265 592 1302 637 si
1336 592 1504 637 dicatur
1542 591 1794 637 humanitas
1830 590 1875 636 in
1907 590 2180 637 divinitatem

353 677 603 712 sconversa
646 700 655 711 .
701 665 945 723 Utrumque
996 670 1144 710 tamen
1191 664 1351 709 falsum
1399 667 1479 717 est,
1531 663 1613 708 sed
1659 662 1766 708 illud
1813 662 1935 721 prius
1980 674 2007 709 a
2052 661 2178 709 nullo

390 738 602 795 patienter
633 749 842 794 umquam
876 736 1015 781 audiri
1048 740 1227 793 potest.
1250 734 1366 780 Nam
1389 734 1673 780 excellentior
1702 738 1854 780 natura
1886 733 2011 780 nullo
2037 732 2180 781 modo

390 809 637 854 deteriorari
671 809 813 866 potuit
844 820 923 866 per
953 807 1218 861 inferiorem,
1259 807 1340 852 sed
1373 806 1552 852 inferior
1581 806 1800 852 meliorari
1832 805 1969 851 valuit
1999 817 2080 864 per
2106 815 2181 852 ex-

389 880 700 925 cellentiorem.
722 896 764 923 ss
826 878 1065 924 Creditur
1087 890 1096 901 ·
1121 881 1168 923 ut
1190 879 1301 923 deus
1324 913 1334 924 .
1357 877 1666 923 Mutabilem
1690 889 1701 900 ·
1724 877 1769 923 in
1792 877 2181 923 humanitatemen

389 951 488 996 Sed
531 951 752 995 humana
794 950 1015 996 forsitan
1057 955 1237 995 natura
1273 962 1282 973 ·
1318 951 1361 995 et
1404 950 1492 995 hoc
1531 949 1691 995 falsum
1732 953 1812 1003 est,
1853 949 1935 995 sed
1978 948 2178 1007 quodam

337 1032 369 1061 ιο
388 1022 527 1067 modo
559 1022 799 1067 tolerabile.
822 1035 864 1063 ss
955 1021 1056 1077 Qui
1081 1034 1091 1045 ·
1115 1022 1364 1080 quomodo,
1386 1034 1429 1065 ss
1521 1021 1808 1067 Humanam
1833 1033 1843 1044 ·
1867 1025 2102 1079 utrumque
2133 1019 2179 1066 in

387 1094 591 1138 deitatem
615 1097 891 1139 convertens.
913 1106 957 1136 ss
1018 1093 1263 1152 Suscepit
1284 1106 1294 1117 ·
1319 1093 1711 1151 Fuerunt-quidam
1736 1092 1913 1138 heretici
1935 1092 1980 1137 in
2006 1096 2179 1138 tannim

388 1165 593 1223 perversi,
626 1170 672 1210 ut
704 1177 795 1210 non
829 1168 1072 1211 metuerent
1102 1166 1248 1211 dicere
1270 1165 1491 1211 Christum
1524 1165 1764 1210 humanam
1798 1175 1890 1209 non
1922 1162 2178 1222 suscepisse

387 1236 579 1281 animam
613 1270 622 1282 .
655 1236 874 1282 Dicebant
904 1237 1022 1282 enim
1054 1249 1157 1282 eum
1190 1237 1462 1282 divinitatem
1504 1236 1713 1281 habuisse
1754 1247 1836 1293 pro
1867 1235 2017 1281 anima
2046 1238 2180 1293 atque

388 1308 491 1353 ideo
531 1309 674 1354 solam
716 1308 911 1353 hominis
942 1321 1119 1354 carnem
1160 1309 1403 1366 susceperit
1436 1343 1447 1354 .
1483 1308 1627 1353 Huius
1669 1307 1808 1352 modo
1849 1318 1960 1364 ergo
2000 1305 2178 1352 heretici

336 1390 368 1419 ιε
388 1385 602 1437 quaerunt
624 1381 723 1433 hoc,
757 1379 878 1437 quod
902 1380 1040 1425 semel
1073 1380 1234 1425 tactum
1258 1384 1337 1433 est,
1370 1392 1471 1425 cum
1494 1384 1642 1424 tamen
1675 1390 1767 1423 non
1789 1378 1966 1436 possint
1995 1377 2181 1424 reddere

387 1451 599 1496 rationem
633 1452 729 1496 eius
761 1451 834 1504 rei,
868 1464 982 1509 quae
1014 1456 1057 1496 et
1088 1451 1251 1496 cotidie
1284 1451 1500 1508 contingit
1531 1454 1574 1495 et
1606 1450 1848 1495 mirabilius
1879 1449 1929 1495 iit
1959 1483 1971 1495 .
2002 1448 2179 1508 Corpus

387 1522 504 1567 enim
537 1523 709 1567 visibile
742 1525 821 1577 est,
862 1523 1010 1568 anima
1051 1523 1297 1577 invisibilis,
1340 1527 1383 1568 et
1414 1522 1619 1580 quamvis
1660 1523 1770 1567 haec
1810 1521 2026 1567 contraria
2060 1523 2178 1575 sunt.

387 1594 626 1651 iunguntur
664 1597 812 1639 tamen
854 1594 899 1639 in
940 1595 1123 1640 homine
1155 1607 1247 1640 uno
1280 1629 1290 1640 .
1323 1594 1446 1639 Deus
1477 1606 1583 1639 vero
1616 1593 1908 1651 incorporalis
1938 1594 2019 1647 est,
2058 1592 2179 1638 simi·

387 1665 481 1710 liter
510 1666 658 1711 anima
682 1701 690 1710 .
714 1665 850 1711 Valde
882 1677 990 1723 ergo
1023 1666 1266 1711 mirabilius
1298 1670 1364 1711 est
1396 1666 1519 1724 quod
1552 1665 1716 1711 cotidie
1738 1664 1984 1723 corporalis
2014 1675 2085 1710 res
2113 1663 2179 1709 in·

333 1747 369 1776 20
388 1737 605 1794 corporali
646 1738 851 1794 iungitur,
894 1738 938 1782 id
970 1742 1037 1782 est
1068 1749 1231 1796 corpus
1262 1738 1451 1791 animae,
1493 1749 1627 1795 quarn
1669 1737 1777 1781 illud
1810 1736 1934 1794 quod
1965 1735 2079 1781 deus
2114 1735 2179 1781 in-

387 1808 573 1854 visibilis
605 1809 798 1854 animam
831 1809 1097 1854 invisibilem
1131 1809 1274 1867 potuit
1304 1820 1530 1854 assumere
1553 1843 1563 1853 .
1587 1809 1737 1866 ltaque
1761 1808 1983 1854 mediante
2013 1807 2176 1862 anima,

389 1892 504 1936 quae
526 1880 722 1937 quodam
757 1880 896 1925 modo
919 1881 963 1925 in
996 1880 1349 1938 incorporalitate
1372 1880 1460 1925 deo
1492 1880 1650 1925 similis
1681 1884 1760 1934 est,
1793 1880 2035 1938 assumpsit
2064 1879 2178 1925 deus

388 1953 543 2005 totum,
577 1952 652 2008 qui
675 1963 860 2009 corpore
883 1956 925 1996 et
952 1952 1099 1997 anima
1121 1956 1305 1997 constat.
1355 1951 1409 1996 Et
1439 1952 1628 1997 omnino
1660 1952 1784 1997 nefas
1807 1954 1874 1996 est
1905 1951 2082 1997 credere
2111 1962 2179 1997 as·

388 2022 634 2079 sumpsisse
655 2023 788 2067 deum
822 2023 866 2067 id
898 2023 1045 2068 solum
1069 2023 1192 2080 quod
1215 2028 1281 2068 est
1312 2023 1527 2068 infirmius
1548 2028 1592 2068 et
1622 2024 1814 2081 gravius,
1847 2023 1891 2068 id
1913 2025 1981 2069 est
2001 2034 2179 2081 corpus,

334 2098 431 2138 2⁵et
462 2106 553 2139 non
586 2094 716 2139 etiam
758 2094 802 2139 id
836 2095 958 2152 quod
1000 2095 1159 2140 melius
1190 2100 1233 2140 et
1264 2095 1549 2140 excellentius
1581 2099 1647 2140 est
1683 2094 1951 2153 suscepisse,
1992 2095 2082 2140 hoc
2111 2098 2179 2140 eat

386 2165 579 2210 animam
613 2201 622 2211 .
655 2165 777 2211 Sicut
808 2166 939 2223 igitur
969 2179 1132 2224 corpus
1163 2167 1372 2224 suscepit,
1415 2167 1473 2212 ita
1505 2169 1547 2212 et
1579 2167 1787 2220 animam,
1831 2170 1878 2211 ut
1908 2169 1951 2212 et
1981 2166 2176 2212 animam

386 2249 412 2281 a
444 2240 584 2282 morte
625 2238 792 2295 peccati
826 2243 868 2283 et
900 2250 1063 2296 corpus
1103 2251 1129 2283 a
1161 2243 1301 2283 morte
1342 2241 1518 2284 aeterna
1560 2238 1804 2283 redimeret.
1826 2250 1870 2281 as
1989 2236 2178 2283 Trans·

387 2309 569 2353 mutari
605 2321 615 2331 ·
648 2309 754 2354 Sola
795 2309 867 2354 illa
908 2310 953 2354 in
985 2322 1035 2355 se
1075 2310 1264 2355 invicem
1307 2314 1497 2368 possunt
1537 2310 1786 2367 permutari,
1828 2321 1945 2368 quae
1983 2313 2029 2355 et
2057 2320 2179 2355 com·

386 2391 566 2425 munem
611 2381 775 2426 habent
815 2382 1039 2427 materiam
1082 2386 1125 2427 et
1165 2382 1209 2426 in
1250 2393 1300 2427 se
1340 2394 1473 2439 agere
1513 2386 1557 2426 et
1596 2394 1622 2427 a
1661 2393 1711 2426 se
1752 2381 1842 2439 pati
1883 2385 2087 2440 possunt,
2130 2382 2179 2426 ut

329 2459 367 2488 ³0
387 2451 538 2496 vinum
570 2454 613 2497 et
644 2465 773 2510 aqua.
804 2466 849 2495 ss
969 2453 1197 2498 Invicem
1241 2453 1438 2499 formas
1470 2465 1480 2476 ·
1513 2453 1617 2511 quia
1649 2453 1815 2498 nullam
1848 2453 2015 2499 habent
2043 2456 2179 2499 mate·

386 2522 507 2568 riam.
530 2535 573 2566 ss
693 2523 1032 2569 Communem
1065 2537 1074 2547 ·
1108 2529 1155 2569 ut
1185 2525 1337 2569 vinum
1370 2529 1414 2570 et
1445 2537 1561 2582 aqua
1590 2559 1599 2569 .
1629 2524 1754 2569 Haec
1784 2524 1903 2570 enirn
1935 2533 2177 2570 commune

386 2593 634 2639 subiectum
685 2595 861 2650 habent,
912 2595 956 2640 id
998 2600 1065 2640 est
1104 2596 1341 2654 liquorem;
1395 2598 1629 2653 utrumque
1669 2596 1788 2641 enim
1838 2596 1986 2653 liquor
2022 2599 2103 2641 est.
2132 2606 2179 2639 σε

387 2663 498 2710 Pati
530 2676 541 2687 ·
573 2665 736 2711 Patitur
775 2666 893 2711 enim
926 2667 1077 2712 vinum
1121 2667 1177 2712 ab
1218 2679 1335 2725 aqua
1376 2679 1477 2712 cum
1519 2667 1616 2712 eius
1656 2667 1842 2725 suscipit
1879 2677 2102 2725 saporem.
2133 2677 2178 2710 ει

386 2734 571 2794 Neque
611 2736 746 2782 enim
789 2741 964 2795 potest
996 2750 1005 2761 ·
1039 2750 1309 2796 quamquam
1343 2750 1479 2783 unum
1513 2739 1762 2783 subiectum
1795 2738 2001 2792 habeant,
2033 2737 2078 2783 id
2109 2742 2178 2784 est

330 2809 556 2853 merram.
590 2820 634 2851 as
754 2807 984 2866 Utraque
1027 2812 1146 2854 sunt
1189 2809 1316 2855 talia
1352 2820 1362 2833 ·
1398 2810 1503 2867 quia
1546 2809 1758 2867 permixta
1799 2810 1844 2854 in
1884 2809 2004 2855 aliud
2041 2813 2178 2855 trans-

386 2877 640 2925 formantur.
666 2891 710 2922 ss
790 2879 972 2926 Potest
1002 2880 1169 2925 enim·
1194 2879 1402 2926 Ostendit
1434 2880 1618 2937 qualiter
1648 2885 1792 2925 actum
1827 2880 2176 2939 passionemque

529 2997 552 3035 2
568 3007 682 3046 posse
701 2997 775 3038 CU
846 3000 890 3037 14
914 3000 1117 3047 susceperit
1141 3000 1248 3036 codd.
1318 2998 1361 3036 16
1386 2998 1435 3036 fit.
1454 3012 1491 3035 u
1532 2998 1707 3046 Corpus
1726 3027 1734 3036 .
1754 3008 1887 3046 corpus
1915 2997 1950 3036 C
2025 2998 2073 3037 24
2095 3007 2175 3048 gn-

386 3057 470 3094 vitu
497 3054 647 3100 CMFP,
672 3057 836 3108 {ugilius
863 3058 933 3098 ΠΒ
1050 3058 1098 3096 33
1122 3057 1198 3096 Pau
1225 3079 1270 3085 —
1296 3057 1334 3096 S.
1354 3058 1410 3101 75,
1433 3059 1446 3095 l
1478 3059 1629 3096 lnmixta
1655 3069 1729 3095 nur
1751 3059 1791 3095 In
1818 3057 1853 3096 C
1969 3057 2019 3097 33
2041 3057 2178 3096 Patitur

386 3115 470 3163 eta}
495 3116 643 3155 balent
666 3117 747 3155 sich
771 3118 811 3155 tn
839 3115 873 3156 C
895 3118 956 3156 als
981 3117 1120 3157 Gtosse
1144 3118 1218 3164 aus
1237 3118 1388 3155 Materia
1414 3117 1467 3164 (P.
1494 3118 1575 3161 207.
1600 3118 1661 3164 29)
1789 3118 1836 3155 34
1862 3119 1936 3155 das
1959 3117 2112 3156 Lmen
2134 3118 2175 3156 In

389 3172 424 3212 C
444 3174 497 3212 tu
519 3175 694 3224 Lapidem
862 3177 911 3216 36
934 3181 1066 3215 actum.
1083 3190 1122 3215 a
1168 3177 1321 3225 Aquae
1347 3178 1544 3225 qualitas
1564 3206 1571 3215 .
1591 3179 1882 3225 passionemque
1909 3175 1944 3215 C
