2352 3568
6 281 55 335 »ὲ

931 264 1119 301 Johannes
1143 262 1300 302 Scottus.
1943 266 2001 310 57

52 404 147 441 ml
220 396 416 442 fecerunt
444 397 658 443 tristitiam
690 396 1009 454 conquiescant
1037 430 1048 441 .
1079 395 1169 441 Sed
1200 395 1348 440 nullus
1379 407 1481 440 eum
1513 407 1568 440 ex
1598 395 1870 453 poenitentia
1899 395 2001 440 talia

9 588 16 606 ‚I

49 771 51 775 ,

7 795 44 824 vt

6 836 36 860 ,

2 861 16 904 ,ἶὲ

4 904 15 934 3

1 973 14 1006 Σ

1 1007 18 1035 ζ,

5 1913 21 2056 9>⁴‘³‘3¹'‘”·*⁴'‘
8 1891 14 1902 -,
4 1792 15 1877 ..ΜΛΔ-ω,
3 1714 17 1780 nep-w
1 1627 12 1697 twa*
0 1582 14 1600 Τ,
0 1543 18 1568 ⁴3⁴·
0 1509 13 1531 *⁷2
11 1463 15 1466 ,
6 1435 8 1437 -
4 1408 6 1410 ’
0 1372 12 1383 -ζ
11 1226 15 1234 ..
0 1191 1 1195 Α
0 1166 6 1178 Ἴ
0 1139 4 1146 ”
5 1111 13 1117 ,⁴
9 1098 13 1100 ,
4 1042 13 1082 >wa-

55 2132 62 2139 -
55 2055 66 2085 ,-.
51 2016 65 2035 a„
59 1994 61 1998 .
48 1902 66 1934 :-·„·=
47 1886 49 1888 ’
43 1868 62 1871 ,⁴
58 1847 59 1850 „
48 1815 62 1827 ,·
47 1705 60 1721 ;;
51 1635 59 1674 .,,
45 1611 50 1618 -·
45 1526 52 1551 *w
43 1492 58 1498 .’
42 1450 55 1462 2
44 1388 61 1423 ‘5
50 1322 58 1327 ,
35 1303 41 1307 ’
38 1231 54 1289 -'·.-
39 1096 63 1134 :Ass
43 1063 57 1078 ,μ-
46 1039 54 1050 4,
39 1022 41 1027 -
38 891 49 971 --r--=v
39 846 55 870 ,Α

221 468 440 514 dicentem
471 469 680 527 suscepit,
713 471 982 526 quapropter
1010 467 1056 512 in
1087 467 1266 512 exilium
1297 466 1462 511 missus
1492 470 1572 512 est.

362 551 596 597 Nestorius
626 552 740 597 sicut
769 551 881 596 duas
912 555 1088 595 naturas
1118 550 1163 594 in
1196 542 1370 595 Christo
1402 561 1502 594 esse
1532 553 1638 607 post
1667 549 2000 603 adunationem,

221 623 280 668 ita
319 635 502 681 quoque
542 624 654 668 duas
694 634 910 680 personas
949 622 994 666 in
1027 621 1188 667 eodem
1227 621 1299 666 dei
1339 625 1383 666 et
1421 621 1617 666 hominis
1657 633 1758 666 esse
1787 621 2000 666 volebat.

183 693 371 751 sitaque
411 695 594 752 putabat
624 694 843 739 Christum
884 705 1043 750 purum
1078 693 1306 738 hominem
1338 693 1490 746 fuisse,
1530 692 1612 738 sed
1652 692 1750 737 aliis
1790 692 2002 736 omnibus

220 765 449 811 meliorem
481 770 524 810 et
562 765 825 810 sanctiorem
866 768 998 821 atque
1038 764 1142 808 ideo
1183 764 1317 809 deum
1348 763 1578 821 cooperari
1617 763 1708 817 illo,
1749 763 1831 808 sed
1870 763 2001 808 aliam

219 849 321 882 esse
351 849 589 894 personam
620 836 707 889 dei,
745 836 874 880 aliam
907 835 1116 888 hominis,
1162 835 1275 880 sicut
1304 836 1350 880 in
1390 835 1592 892 quolibet
1629 839 1785 879 sancto
1815 835 1925 887 viro,
1957 835 2003 878 in

221 920 313 965 quo
343 907 455 952 deus
486 907 652 952 habitat
682 906 878 963 quidem,
918 906 999 950 sed
1031 905 1150 950 aliud
1182 910 1249 950 est
1279 906 1390 951 deus
1421 910 1465 951 et
1495 906 1614 950 aliud
1652 906 1806 959 hom0,
1847 917 1931 950 nec
1961 905 2002 950 ei

219 979 394 1023 iunctus
425 982 492 1022 est
522 978 567 1022 in
598 989 687 1022 una
725 977 970 1021 substantia
1001 981 1133 1033 atque
1173 989 1367 1034 persona
1397 1012 1407 1022 .
1439 977 1529 1022 Sed
1569 977 1607 1021 si
1647 977 1706 1021 ita
1737 981 1868 1030 esset,
1909 989 2002 1021 non

168 1065 204 1095 ιο
220 1053 514 1095 assumeretur
552 1049 692 1093 homo
733 1060 759 1092 a
790 1047 877 1092 deo
918 1059 1065 1104 neque
1106 1052 1223 1092 esset
1253 1047 1450 1092 Christus
1491 1048 1602 1092 deus
1634 1082 1644 1092 .
1676 1047 1731 1092 Et
1769 1047 2003 1092 Nestorius

220 1120 402 1178 quidem
434 1119 493 1164 ita
525 1119 630 1164 dicit
660 1122 703 1163 et
733 1130 787 1163 ex
819 1118 993 1162 duabus
1025 1122 1068 1162 et
1107 1118 1152 1162 in
1193 1118 1368 1162 duabus
1408 1123 1496 1162 tam
1538 1119 1703 1162 naturis
1734 1131 1868 1175 quam
1909 1130 2003 1175 per-

219 1191 346 1236 sonis
376 1191 510 1236 deum
543 1190 764 1235 Christum
810 1189 947 1234 fuisse
979 1223 989 1234 .
1021 1189 1230 1233 Eutiches
1260 1202 1366 1234 vero
1398 1194 1577 1234 econtra
1609 1202 1663 1234 ex
1693 1189 1881 1242 duabus,
1922 1190 2003 1234 sed

219 1262 380 1307 nonin
402 1262 576 1306 duabus
606 1261 770 1305 naturis
791 1272 895 1305 eum
925 1260 1064 1304 fuisse
1095 1261 1220 1314 dixin
1253 1272 1308 1304 ex
1339 1260 1513 1305 duabus
1536 1261 1732 1317 quidem,
1764 1251 2015 1317 antequam>

218 1333 344 1378 fieret
362 1333 574 1377 adunatio
596 1332 667 1376 dei
689 1335 734 1376 et
762 1332 958 1376 hominis
990 1331 1035 1376 in
1057 1331 1231 1376 Christo
1263 1344 1343 1388 per
1361 1332 1709 1388 generationem,
1741 1344 1835 1376 non
1856 1336 2002 1375 autem

167 1419 203 1448 ιε
221 1404 268 1448 in
299 1404 487 1458 duabus,
533 1404 637 1461 quia
667 1407 772 1461 post
801 1402 1117 1447 adunationem
1150 1403 1326 1447 dicebat
1356 1403 1535 1447 mixtam
1568 1415 1667 1447 esse
1699 1403 1895 1447 divinam
1927 1403 2004 1447 hu-

220 1487 488 1532 manamque
519 1479 732 1528 naturam,
763 1475 878 1519 sicut
908 1475 1080 1518 misceri
1108 1474 1224 1518 solet
1243 1487 1359 1531 aqua
1390 1475 1496 1519 vino
1520 1508 1530 1519 .
1553 1474 1641 1519 Sed
1674 1474 1789 1518 tides
1820 1478 1935 1518 recta
1962 1478 2006 1518 et

219 1558 275 1591 ex
317 1546 492 1591 duabus
534 1550 578 1590 et
618 1546 664 1590 in
708 1546 882 1590 duabus
926 1546 1158 1590 confitetur
1200 1546 1364 1590 naturis
1406 1557 1506 1590 esse
1548 1545 1781 1599 Christum,
1826 1546 1872 1589 in
1915 1557 2004 1589 una

219 1621 369 1662 tamen
399 1629 611 1674 persona;
658 1629 713 1662 ex
753 1617 927 1662 duabus
968 1616 1164 1674 quidem,
1206 1617 1294 1661 hoc
1333 1621 1400 1661 est
1440 1629 1495 1661 ex
1535 1616 1684 1660 divina
1724 1620 1768 1660 et
1807 1617 2001 1660 humana

219 1692 386 1742 natura,
427 1689 473 1732 in
514 1688 688 1732 duabus
727 1700 847 1740 vero,
899 1688 987 1732 hoc
1026 1691 1094 1731 est
1132 1699 1216 1731 nec
1257 1687 1506 1731 commixtis
1546 1699 1630 1731 nec
1669 1687 1881 1740 confusis,
1922 1687 2004 1731 sed

167 1773 205 1803 ω
221 1763 405 1816 utraque
435 1763 588 1804 natura
619 1760 788 1816 integra
828 1759 1110 1816 perfectaque
1150 1763 1357 1803 manente
1389 1771 1477 1802 una
1507 1759 1558 1802 fit
1588 1771 1781 1815 persona
1813 1758 1970 1803 Christi
1994 1793 2004 1803 .

220 1830 355 1877 Unde
394 1830 439 1874 in
479 1831 723 1888 antiphona
754 1830 939 1875 canitur:
981 1842 1073 1874 non
1106 1830 1469 1874 commixtionem
1510 1842 1671 1887 passus
1711 1841 1859 1886 neque
1899 1829 2007 1874 divi-

220 1913 411 1947 sionem.

363 1984 529 2029 Anxie
551 1996 562 2007 ·
584 1984 785 2029 sollicite.
803 2000 845 2028 33
898 1983 1136 2028 Sustinui
1159 1995 1169 2005 ·
1193 1983 1434 2040 expectavi.
1454 1999 1497 2027 33
1557 1983 1610 2027 In
1642 1985 1905 2027 conventu
1928 1995 1937 2004 ·
1961 1983 2006 2026 in

221 2055 428 2101 concilio.
450 2072 492 2101 ss
552 2055 850 2110 Quominus
873 2067 883 2076 ·
907 2059 1081 2100 utnon.
1103 2071 1146 2099 ss
1206 2054 1501 2098 Distractus
1525 2066 1534 2076 ·
1558 2054 1603 2098 id
1629 2058 1696 2098 est
1716 2053 1946 2098 distentus.
1964 2069 2007 2098 33

167 2140 204 2170 ²⁵
222 2126 276 2171 In
306 2127 588 2172 crastinum
612 2138 622 2149 ·
644 2138 726 2183 pro
755 2128 958 2183 tempore
989 2126 1134 2170 futuro
1157 2130 1231 2169 aut
1260 2137 1342 2182 pro
1373 2125 1506 2169 altera
1527 2125 1599 2169 die
1620 2125 1786 2181 accipe.
1807 2140 1850 2168 ss
1911 2124 2007 2168 Co-

169 2212 176 2216 ·
221 2210 325 2242 ram
349 2210 359 2220 ·
381 2197 631 2241 manifesto.
653 2213 695 2240 33
755 2197 809 2240 In
840 2196 1072 2240 concilio
1095 2208 1105 2218 ·
1128 2196 1174 2239 in
1204 2196 1383 2253 synodo
1407 2230 1416 2239 .
1440 2195 1652 2252 Synodus
1683 2195 1802 2239 enim
1836 2193 2006 2238 Graece

223 2270 482 2313 conventus.
504 2284 547 2311 33
606 2267 818 2311 Naturis
840 2279 850 2288 ·
873 2267 987 2311 sicut
1017 2266 1238 2310 Eutiches.
1261 2283 1304 2310 33
1363 2265 1416 2309 In
1448 2265 1654 2310 duabus
1677 2277 1686 2287 ·
1709 2265 1823 2309 sicut
1843 2264 2004 2309 Nesto-

222 2338 324 2383 rius.
346 2354 389 2382 33
440 2338 592 2383 Credi
616 2350 626 2360 ·
648 2351 684 2383 s.
707 2338 958 2382 meministi.
982 2354 1025 2381 33
1081 2337 1364 2381 Perculsus
1387 2349 1397 2358 ·
1420 2340 1661 2393 permotus.
1678 2352 1720 2380 33
1771 2335 2003 2379 Referre·

223 2410 395 2463 distare,
427 2409 595 2454 scilicet
624 2409 735 2453 inter
764 2409 959 2452 divinam
992 2412 1035 2452 et
1065 2409 1304 2452 humanam
1337 2411 1551 2451 naturam.
1573 2423 1616 2451 33
1675 2406 2003 2463 Episcopus·

169 2493 208 2522 ao
225 2481 270 2524 id
302 2482 369 2525 est
398 2479 647 2524 Flavianus.
669 2495 711 2523 33
844 2478 941 2522 Hic
962 2490 972 2500 ·
996 2490 1077 2535 pro
1108 2480 1225 2522 tunc.
1248 2494 1291 2522 33
1420 2476 1618 2523 Omnes
1639 2489 1648 2499 ·
1672 2477 1803 2521 etiam
1836 2476 1897 2520 illi
1929 2477 2005 2532 qui

224 2551 501 2608 ignorabant.
523 2567 565 2594 33
640 2550 692 2594 ln
724 2562 786 2594 eo
810 2562 819 2571 ·
843 2550 888 2593 in
919 2549 993 2593 illa
1024 2549 1299 2605 quaestione.
1321 2564 1364 2593 33
1439 2548 1771 2592 Inconditum
1795 2559 1805 2569 ·
1829 2559 1910 2604 pro
1942 2547 2004 2591 in·

222 2622 401 2667 condite
431 2626 475 2666 et
505 2621 710 2675 confuse3
742 2621 925 2665 nomina
956 2633 1038 2677 pro
1070 2620 1303 2664 adverbiis.
1324 2635 1367 2664 33
1476 2619 1716 2676 Strepere
1749 2630 1759 2640 ·
1790 2630 1871 2675 pro
1903 2622 2006 2662 stre·

222 2693 389 2751 pebant
419 2727 429 2738 .
460 2692 763 2750 Imperitorum
804 2704 906 2736 mos
937 2693 1004 2735 est
1034 2695 1082 2735 ut
1120 2690 1463 2747 profunditatem
1505 2690 1697 2734 difficilis
1729 2689 2005 2746 quaestionis

388 2821 413 2858 3
436 2822 629 2858 Nestorius
655 2842 701 2848 —
728 2822 775 2858 22
799 2820 1037 2866 divisionem]
1063 2820 1271 2857 besondere
1297 2819 1435 2858 Glosse
1458 2820 1498 2856 in
1526 2819 1632 2856 UBV
1840 2819 1864 2855 3
1905 2818 2003 2869 esse]

223 2882 407 2917 mansisse
441 2880 476 2916 B
640 2881 674 2917 6.
700 2881 723 2916 7
748 2881 861 2917 melio
894 2882 1057 2916 hominis
1093 2882 1182 2924 (rem
1216 2900 1264 2905 —
1289 2880 1349 2916 dei
1385 2880 1493 2915 aliam
1528 2880 1631 2922 om.)¹
1646 2876 1680 2914 C
1845 2878 1909 2914 illo
1935 2878 2004 2913 sed

224 2940 295 2976 alia
311 2949 395 2976 esse
410 2950 569 2986 persona
587 2940 647 2976 dei
664 2940 734 2976 alia
750 2940 794 2980 B,
812 2940 876 2976 illo
894 2940 1068 2986 essetque
1085 2940 1155 2976 alia
1172 2949 1330 2986 persona
1348 2939 1408 2974 dei
1426 2939 1495 2974 alia
1516 2937 1554 2974 U
1643 2936 1687 2973 10
1710 2936 1753 2972 Et
1764 2957 1812 2962 —
1828 2936 1872 2972 13
1888 2937 2004 2972 fuisse

225 2998 316 3034 dixit
350 3007 424 3034 om.
456 2997 490 3035 C
644 2999 689 3034 14
721 2999 947 3035 adnuntiatio
984 2997 1018 3035 C
1167 2998 1211 3035 15
1236 2998 1500 3034 adnuntionem
1527 2995 1561 3032 C
1725 2995 1772 3031 22
1797 2994 2006 3030 EXPLICIT

224 3055 461 3093 EPISTOLA.
486 3055 654 3093 INCIPIT
677 3056 998 3094 COMMENTUM
1025 3056 1059 3093 C
1133 3056 1180 3093 25
1205 3057 1266 3092 die
1291 3066 1366 3091 nur
1387 3056 1426 3092 in
1450 3055 1486 3090 B
1561 3055 1687 3100 accipe
1711 3053 1755 3094 Β.
1790 3055 1930 3099 accipie
1947 3053 2003 3093 Μ,

226 3117 381 3162 accipite
408 3114 510 3153 UCF
662 3116 709 3152 27
734 3118 938 3152 conventus
964 3116 1093 3152 dicitur
1116 3115 1229 3151 latine
1253 3114 1331 3150 MF
1474 3113 1523 3149 30
1547 3112 1730 3158 omnes]
1755 3113 1829 3148 das
1852 3112 2004 3148 Lemma

194 3195 198 3197 -
225 3175 266 3211 in
293 3174 326 3212 C
350 3175 402 3212 ist
422 3174 632 3221 Apertam
