2352 3568
24 561 28 578 -,
22 498 30 556 -ωαηπ
22 433 31 494 Ἶσιν

41 2547 48 2564 ,Γ
38 2519 43 2529 ψ·
22 2187 48 2508 '*,W³*²W3''⁴⁶·WF

88 2639 93 2646 i
86 2590 94 2598 ι,
84 2406 86 2408 ’
86 2351 89 2370 22
71 2172 93 2314 <⁴⁴'2‘;1⁴,r.'‘.,
74 2146 77 2150 ’

924 250 1113 288 ,lohannes
1137 249 1298 287 Scottus.
1939 252 1997 296 33

4 395 31 431 5
66 392 186 453 susm
219 381 345 428 Tum
367 393 380 405 ·
401 383 572 440 partim.
593 395 637 426 33
687 382 972 441 Praecepta
993 395 1004 407 ·
1027 383 1287 429 Universale
1308 388 1592 441 praeceptum
1614 388 1698 428 est:
1731 388 1854 441 pater
1874 383 1999 437 deuS,

218 453 337 503 filius
376 453 502 507 deus,
542 454 720 511 spiritus
759 458 938 499 sanctus
978 455 1089 499 deus
1126 458 1171 499 et
1209 454 1254 498 hi
1293 459 1380 499 tres
1421 467 1536 499 unus
1578 455 1703 508 deus,
1749 459 1792 499 et
1832 455 2001 500 univer-

219 525 367 571 saliter
385 525 442 570 ab
464 525 675 570 omnibus
696 525 926 570 ortodoxis
947 526 1146 571 confiteri
1167 526 1443 584 praecipitur.
1465 539 1510 568 ss
1570 525 1777 581 Quibus
1797 538 1808 549 ·
1825 539 1861 571 s,
1879 538 2001 583 prae·

220 597 432 654 ceptis.ss
482 596 811 654 Intelligatur
832 609 843 620 ·
865 610 901 642 s.
922 610 949 642 a
975 598 1269 643 credentibus.
1283 611 1327 640 ss
1386 597 1515 643 Tum
1531 599 1728 656 ·partim.
1741 611 1785 641 ss
1845 598 1971 643 Eius
1989 611 1999 621 ·

23 683 31 703 ι
112 727 117 731 .
183 685 203 715 s
219 680 257 714 s·
278 668 398 713 fidei.
418 680 463 711 ss
565 667 749 713 Cultus
772 680 783 691 ·
805 668 975 725 religio.
997 682 1041 711 33
1143 668 1419 714 Terminos
1441 682 1452 692 ·
1475 670 1669 714 ostendit
1699 682 1870 727 paucos
1902 682 2001 714 esse

219 739 450 792 hereticos,
503 739 610 783 dum
650 743 793 783 totum
840 739 1058 784 mundum
1102 740 1207 784 dicit
1253 745 1521 797 occupatum
1562 741 1680 785 cultu
1729 741 2001 786 Christianae

219 810 461 867 religionis.
482 822 526 852 ss
651 809 924 855 Emanavit
946 823 956 833 ·
979 810 1161 856 effluxit.
1182 824 1226 854 33
1359 811 1636 857 Catholica
1658 824 1669 834 ·
1698 823 1997 858 κΑΘοΛικοΝ

219 881 371 926 dicunt
391 879 549 925 Graeci
570 880 829 925 universale.
851 893 895 923 33
956 881 1116 926 Cuius
1139 894 1150 904 ·
1172 895 1207 927 s.
1231 882 1474 927 catholicae
1495 882 1615 927 fidei.
1636 895 1680 925 ss
1730 882 2000 940 Inquiunt·

216 952 385 997 scilicet
413 951 632 996 catholici.
653 963 698 993 33
777 951 932 996 Pater
954 964 964 974 ·
986 951 1134 997 Tertio
1167 953 1269 998 dico
1301 954 1426 1007 deus,
1458 966 1551 998 non
1583 954 1687 999 ideo
1718 959 1869 999 tamen
1900 958 2004 998 sunt

167 1027 306 1068 rotroe
326 1023 400 1067 dii.
421 1034 466 1065 33
526 1022 946 1067 coniunctiones
969 1035 979 1045 ·
1001 1023 1046 1067 id
1069 1026 1135 1067 est
1156 1024 1346 1078 unitatis,
1379 1025 1483 1081 quia
1510 1038 1649 1069 unum
1670 1026 1774 1070 dico
1796 1025 1944 1070 deum.
1958 1037 2003 1068 ss

219 1093 582 1139 Indifferentia
604 1105 615 1116 ·
636 1093 733 1138 sine
763 1094 834 1138 vel
866 1094 1037 1150 absque
1069 1094 1327 1148 differentia,
1360 1099 1403 1139 et
1424 1100 1491 1139 est
1520 1108 1609 1139 una
1639 1109 1754 1153 pars.
1775 1109 1819 1138 ss
1898 1096 2003 1142 Eos

219 1165 355 1210 enim
390 1177 400 1188 ·
434 1165 482 1209 In
512 1165 646 1210 nobis
685 1165 806 1209 nulla
846 1165 1090 1209 differentia
1131 1170 1211 1219 est,
1252 1166 1357 1222 quia
1397 1166 1563 1210 nullam
1603 1167 1792 1211 dicimus
1824 1179 1924 1211 esse
1956 1168 2002 1212 in

219 1236 397 1281 unitate.
422 1248 468 1279 33
554 1235 762 1292 Augent
795 1248 805 1258 ·
841 1236 1039 1280 dicentes
1079 1241 1246 1293 patrem
1288 1237 1544 1290 maximum,
1585 1237 1726 1280 filium
1769 1238 2001 1292 minorem,

218 1307 418 1365 spiritum
448 1311 650 1351 sanctum
680 1307 928 1351 minimum.
949 1320 993 1350 ss
1124 1307 1434 1352 Distrahunt
1455 1319 1465 1330 ·
1487 1312 1735 1352 secernunt.
1756 1321 1800 1350 ss
1915 1309 2001 1352 Di-

166 1391 202 1421 1⁵
219 1377 415 1422 ducunt
442 1389 456 1402 ·
487 1378 532 1422 id
564 1382 632 1422 est
661 1378 876 1432 dividunt,
915 1382 1003 1422 tres
1035 1378 1147 1423 deos
1179 1390 1279 1423 esse
1310 1378 1521 1422 dicentes.
1582 1377 1843 1423 Auferentes
1881 1380 2000 1424 enim

218 1449 430 1494 unitatem
461 1449 676 1494 diducunt
705 1450 853 1506 ipsum
884 1450 930 1493 in
962 1450 1187 1506 quandam
1220 1449 1515 1494 diversitatem
1542 1454 1586 1493 et
1616 1449 1720 1494 ideo
1751 1450 1911 1495 nolunt
1940 1463 2003 1495 re-

219 1520 365 1577 cipere
386 1533 520 1565 unam
551 1520 855 1565 substantiam.
893 1519 1061 1564 Arriani
1084 1521 1202 1564 enim
1233 1525 1320 1565 tres
1350 1520 1619 1564 substantias
1651 1521 1930 1566 affirmabant
1959 1526 2003 1566 et

167 1611 183 1667 3
218 1591 448 1647 cupientes
500 1603 706 1648 quosque
757 1591 983 1647 simplices
1042 1591 1247 1648 decipere
1303 1591 1622 1636 adinvenerunt
1674 1602 2003 1640 οΜοοΥειοΝ,

182 1674 197 1699 ι
218 1662 347 1719 quasi
397 1661 518 1706 aliud
560 1662 617 1706 sit
667 1662 913 1707 substantia
965 1662 1116 1707 Latine
1169 1667 1212 1707 et
1260 1663 1379 1707 aliud
1428 1673 1742 1709 οΜοοΥειοΝ
1788 1663 1957 1708 Graece
1991 1698 2001 1708 .

165 1731 378 1778 aoUnitas
419 1744 512 1777 non
556 1733 690 1777 habet
731 1733 1036 1789 pluralitatem,
1081 1734 1162 1777 sed
1206 1738 1273 1777 est
1314 1734 1551 1790 singularis
1594 1739 1727 1791 atque
1770 1735 1873 1779 ideo
1917 1746 2001 1779 nec

218 1815 428 1848 numerus
467 1808 547 1857 est,
588 1804 757 1861 quippe
789 1816 889 1848 cum
920 1804 1019 1848 talis
1051 1804 1177 1848 detur
1207 1804 1414 1849 diffinitio
1455 1806 1645 1850 numeri:
1692 1818 1902 1849 numerus
1934 1809 2001 1849 est

219 1874 434 1919 unitatum
466 1874 685 1928 collectio,
724 1875 859 1919 veluti
900 1875 1081 1932 quidam
1125 1887 1308 1920 acervus
1339 1888 1394 1920 ex
1433 1876 1582 1920 multis
1622 1877 1862 1920 unitatibus
1902 1889 2002 1933 pro-

218 1945 359 1991 fusus.
379 1958 423 1988 ss
502 1945 750 1991 Alteritas
773 1958 783 1968 ·
806 1947 852 1991 id
883 1951 951 1991 est
980 1947 1190 1991 binarius.
1211 1959 1255 1989 ss
1345 1947 1554 1991 Praeter
1583 1947 1899 1991 alteritatem
1922 1959 1932 1969 ·
1956 1947 2001 1991 id

218 2020 287 2062 est
314 2016 412 2061 sine
443 2017 664 2071 alteritate,
697 2018 801 2074 quia
832 2030 858 2062 a
888 2018 1061 2063 binario
1093 2030 1302 2062 numerus
1333 2018 1499 2075 incipit.
1521 2031 1565 2060 33
1629 2017 1803 2062 Trium
1836 2030 1847 2040 ·
1878 2019 2001 2062 verbi

165 2087 370 2144 agratia,
401 2092 449 2132 ut
477 2093 581 2132 sunt
609 2093 696 2132 tres
727 2089 947 2134 homines.
968 2102 1012 2130 33
1114 2088 1239 2133 Tum
1271 2100 1463 2145 genere
1486 2100 1497 2111 ·
1519 2088 1670 2133 Omne
1701 2089 1824 2145 quod
1857 2089 2001 2133 differt

220 2157 290 2202 his
318 2158 458 2202 tribus
487 2159 636 2203 modis
668 2159 824 2203 differt.
846 2172 889 2200 33
970 2158 1234 2212 Quotiens
1256 2170 1266 2181 ·
1290 2159 1452 2214 quibus
1484 2159 1633 2203 modis
1663 2159 1722 2203 sit
1749 2159 1882 2213 idem,
1916 2160 2002 2203 his-

221 2228 324 2273 dem
351 2230 501 2274 modis
530 2231 587 2274 sit
606 2230 828 2275 diversum
860 2264 871 2274 .
903 2230 1068 2275 <idem
1101 2230 1282 2274 homo>
1316 2241 1326 2252 ·
1358 2229 1477 2273 idem
1509 2230 1554 2273 in
1585 2242 1761 2286 genere,
1793 2230 1874 2274 sed
1905 2242 1998 2275 non

221 2299 340 2343 idem
371 2300 417 2344 in
448 2301 599 2357 specie
621 2334 631 2344 .
654 2301 771 2344 Hinc
792 2312 900 2356 ergo
931 2300 1038 2344 illud
1071 2300 1217 2353 oritur,
1250 2300 1373 2356 quod
1400 2299 1516 2344 solet
1537 2300 1804 2357 quibusdam
1826 2301 1999 2357 opponi

222 2370 299 2414 ita:
347 2382 483 2415 omne
514 2370 638 2427 quod
678 2374 745 2414 est
775 2375 818 2414 et
856 2370 974 2414 idem
1008 2375 1075 2414 est
1105 2375 1148 2414 et
1178 2370 1401 2414 diversum
1433 2375 1512 2424 est,
1554 2371 1658 2427 quia
1698 2371 1816 2415 idem
1849 2375 1916 2415 est
1955 2372 2000 2415 in

167 2452 385 2497 angenere
415 2441 506 2495 illo,
545 2441 669 2498 quod
700 2445 767 2485 est
796 2441 958 2485 animal
990 2442 1129 2486 homo
1161 2446 1205 2486 et
1234 2453 1391 2498 equus,
1432 2441 1513 2486 sed
1553 2453 1647 2485 non
1687 2441 1806 2485 idem
1848 2446 1918 2507 est
1954 2442 2000 2486 in

363 2569 388 2607 5
412 2580 497 2607 esse
521 2580 593 2607 om.
622 2569 656 2607 C
777 2571 799 2607 7
823 2571 858 2607 Β
875 2572 968 2618 fagt
991 2571 1083 2607 nam
1106 2571 1297 2619 religionis
1322 2571 1403 2607 ein:
1438 2572 1502 2617 qui
1528 2572 1637 2607 etiam
1662 2572 1768 2616 quasi
1802 2571 1926 2607 tabule
1951 2572 2000 2607 de

221 2629 411 2678 naufragio
435 2633 695 2666 remanserunt.
744 2630 841 2667 Dies
862 2632 967 2667 steht
989 2631 1078 2666 audi
1101 2630 1142 2666 in
1165 2629 1349 2666 Mandten
1374 2630 1440 2666 lat.
1463 2629 1559 2666 6367
1583 2630 1664 2665 und
1688 2630 1765 2675 (als
1795 2630 1872 2666 Tell
1895 2631 2003 2666 einer

222 2689 368 2725 andem
386 2687 539 2734 Glosse)
564 2689 604 2725 in
632 2689 713 2726 Vat.
730 2690 796 2726 lat.
814 2689 901 2726 567:
936 2690 988 2726 ἰώ
1011 2690 1151 2726 modzte
1174 2690 1236 2726 άὶε
1253 2689 1379 2726 Worte
1401 2690 1463 2724 als
1486 2689 1547 2724 ein
1564 2688 1811 2725 Einsdtiebsel
1826 2699 1897 2725 aas
1914 2690 1998 2725 dem

221 2746 473 2787 Kommentar
504 2749 574 2785 des
608 2748 802 2796 Remigius
836 2749 1057 2785 betramten.
1305 2748 1501 2784 catholikm
1542 2746 1585 2788 C,
1623 2748 1830 2784 catholicon
1868 2747 2005 2783 TMFP

221 2805 393 2853 spater
539 2810 721 2844 sanctus
763 2807 874 2844 deus
915 2810 1002 2854 quia
1038 2810 1144 2844 tertio
1182 2808 1312 2844 dicitur
1348 2807 1441 2843 deus
1480 2806 1573 2842 YFP
1773 2806 1817 2842 12
1842 2806 2000 2842 dicimus

223 2874 309 2901 esse
342 2863 385 2906 C,
419 2865 531 2902 deum
565 2876 650 2902 esse
682 2865 725 2907 Β,
767 2866 1010 2903 differentiam
1044 2867 1201 2903 dicimus
1236 2876 1321 2902 esse
1357 2865 1448 2902 TFP
1591 2865 1635 2901 16
1660 2866 1832 2900 unitatem
1867 2874 1940 2900 om.
1968 2858 2003 2900 C

225 2923 280 2960 18·
300 2923 345 2960 19
370 2926 646 2965 ΟΜΟΤΕΙΟΝ
674 2924 709 2961 C
831 2925 878 2962 20
901 2925 1031 2962 Unitas
1054 2925 1113 2961 bis
1136 2925 1183 2961 23
1206 2924 1393 2971 profusus]
1419 2924 1545 2960 dieser
1568 2923 1645 2959 Teil
1667 2924 1737 2958 der
1760 2922 1907 2963 Gtosse,
1933 2924 2003 2958 der

222 2981 263 3019 in
288 2981 351 3019 ΤΡ
365 2983 478 3028 fehlt,
509 2983 562 3020 ist
592 2983 888 3020 wahrsdzeinlidn
921 2985 961 3020 in
988 2983 1021 3020 C
1052 2985 1243 3024 verstellt:
1281 2994 1326 3020 er
1346 2984 1451 3019 steht
1483 2983 1544 3018 als
1566 2982 1774 3018 besondere
1799 2980 1937 3018 Glosse
1959 2982 1999 3017 in

222 3041 258 3077 B
292 3043 373 3078 und
409 3042 445 3078 V
473 3043 554 3078 und
581 3043 688 3090 folgt
722 3044 762 3079 ἰιι
797 3043 833 3079 F
861 3043 1106 3080 tramittelbar
1136 3044 1210 3088 auf
1241 3044 1303 3079 die
1330 3042 1548 3088 Erktarung
1578 3051 1628 3076 zu
1660 3041 1795 3078 Unus
1836 3039 1876 3077 S.
1901 3040 2000 3083 34,3

223 3100 273 3138 24
295 3101 470 3137 alteritate
485 3111 507 3137 a
523 3111 596 3147 qua
611 3102 774 3138 binarius
797 3103 924 3148 incipit
949 3101 1087 3138 TMFP
1177 3102 1307 3139 Unitas
1332 3110 1408 3137 non
1432 3100 1542 3136 habet
1565 3099 1805 3146 pluralitatem
1831 3099 1921 3146 (vgl.
1938 3099 1998 3143 m)

209 3161 311 3206 >qnia
333 3160 519 3206 pluralitas
543 3161 671 3206 incipit
694 3170 715 3196 a
739 3161 882 3196 binario
905 3160 940 3195 Β

296 3223 428 3259 Quem·
447 3231 477 3252 u.
494 3223 678 3253 Untersueh.
691 3231 720 3253 z.
734 3224 787 3252 lat.
801 3223 974 3260 Philologie
993 3224 1049 3252 des
1067 3223 1138 3252 MA.
1175 3224 1197 3257 1,
1212 3223 1240 3251 2.
1736 3216 1760 3253 3
