2352 3568
950 252 1138 289 Johannes
1162 249 1319 288 Scottus.
1961 254 2014 298 61

10 370 17 438 ᾖ
118 400 120 410 =
148 390 186 422 ω
236 385 424 435 teri-enm
471 382 564 427 auri
595 383 715 427 enim
747 382 937 428 dicimus
966 382 1147 437 fulvam,
1178 382 1347 440 argenti
1376 394 1483 428 vero
1515 383 1690 437 claram,
1723 384 1803 428 sed
1834 384 1923 428 hoc
1954 396 2019 429 se-

10 442 18 516 ‘5
238 453 433 498 cundum
466 453 719 510 qualitatem
751 454 954 500 dicimus,
976 470 1019 499 33
1138 453 1286 508 Quae
1324 453 1656 511 significatio
1688 466 1699 476 ·
1730 466 1784 499 ea
1814 455 2019 500 videlicet

13 518 15 523 ’
235 535 350 581 quae
381 536 463 581 pro
494 525 645 582 specie
675 525 866 582 ponitur.
887 541 931 570 33
1025 524 1220 570 Natura
1250 527 1361 569 est·
1384 525 1470 569 Hic
1500 527 1567 569 est
1598 525 1909 582 probatissima
1940 526 2019 570 dif-

233 594 378 639 finitio
408 597 589 640 naturae
612 630 622 640 .
644 595 807 641 Omnis
828 600 1020 640 creatura
1047 596 1293 640 substantia
1313 595 1401 640 dici
1432 598 1593 653 potest,
1626 609 1719 641 non
1744 599 1892 641 autem
1923 610 2018 655 per-

197 682 218 712 s
234 677 362 719 sona,
393 666 474 710 sed
504 669 674 711 tantum
705 667 1017 723 particulariter
1045 667 1246 712 tribuitur
1274 667 1523 712 rationabili
1554 670 1788 712 creaturae.
1809 684 1851 713 ss
1942 669 2018 713 In—

233 736 466 781 formans
488 749 499 759 ·
521 737 844 791 demonstrans,
877 742 1048 795 aptans.
1070 754 1112 783 33
1188 737 1454 795 Specifica
1476 750 1486 760 ·
1510 739 1701 796 propria,
1733 739 1952 796 specialis.
1975 757 2018 785 33

232 806 331 852 Tot
352 820 363 830 ·
385 808 431 852 id
452 810 520 852 est
540 810 758 864 quattuor.
780 824 823 853 33
883 807 1181 853 Secundum
1204 809 1436 854 ultimam
1460 821 1470 831 ·
1494 822 1583 866 qua
1603 810 1848 867 proprietas
1869 811 2017 855 unius-

233 879 450 936 cuiusque
481 879 735 924 declaratur.
756 896 799 924 33
859 879 1001 924 Duas
1023 892 1033 903 ·
1057 881 1252 925 divinam
1284 881 1451 925 scilicet
1471 883 1515 925 et
1545 882 1799 926 humanam.
1821 897 1864 926 33
1925 882 2016 926 Ea-

75 997 80 1004 ,
233 949 347 994 dem
379 961 390 972 ·
422 949 528 1007 quia
556 949 688 994 valde
720 950 927 994 differunt
956 951 1068 995 inter
1107 963 1157 995 se
1188 954 1232 995 et
1270 951 1403 996 altera
1434 956 1502 996 est
1541 952 1747 1005 humana,
1789 952 1922 997 altera
1953 953 2016 997 di·

2 1011 13 1018 '¹
180 1036 216 1066 ιο
230 1021 347 1067 vina.
368 1037 411 1065 33
470 1020 769 1066 Convenire
791 1033 802 1043 ·
824 1033 860 1065 s.
883 1022 1167 1066 constituunt.
1189 1039 1231 1067 33

4 1090 13 1125 3
82 1089 163 1142 Δ*
372 1092 420 1137 11.
451 1091 552 1136 Aut
581 1092 624 1136 si
654 1104 758 1136 non
790 1095 1045 1149 aequatur
1066 1104 1076 1115 ·
1099 1093 1144 1137 id
1177 1096 1243 1137 est
1274 1094 1311 1137 si
1342 1105 1436 1138 non
1466 1096 1635 1138 tantum
1669 1095 2016 1151 comprehendat

68 1156 78 1159 ‘⁷
230 1176 423 1221 persona
453 1166 668 1220 quantum
698 1165 864 1208 natura.
886 1179 928 1207 33
1008 1163 1143 1208 Infra
1166 1176 1177 1186 ·
1199 1164 1365 1208 Natura
1397 1167 1588 1221 occupat
1618 1177 1790 1218 omneS,
1823 1178 2015 1222 persona

228 1247 336 1280 vero
368 1234 600 1291 quasdam.
621 1251 663 1280 33
722 1234 1018 1279 Terminum
1042 1247 1052 1257 ·
1075 1235 1427 1291 magnitudinem
1459 1238 1652 1279 naturae.
1674 1252 1716 1280 33
1777 1236 2014 1281 Difficile

6 1342 11 1368 .
230 1305 372 1350 dictu
421 1308 502 1350 est
534 1317 544 1328 ·
580 1306 684 1363 quia
726 1306 800 1350 ille
844 1306 954 1350 haec
996 1306 1321 1359 adinveniebat,
1365 1306 1469 1350 ideo
1501 1306 1606 1351 dicit
1637 1306 1858 1361 ‘difficile’‚
1912 1320 2013 1351 cum

5 1365 11 1427 ζ
83 1370 91 1403 ἶ
177 1379 377 1422 istamen
418 1377 553 1421 nobis
594 1377 682 1421 iam
725 1377 854 1421 facile
884 1377 953 1430 sit,
998 1377 1075 1433 qui
1107 1377 1163 1421 ab
1206 1377 1284 1421 illo
1316 1377 1436 1422 docti
1478 1390 1633 1422 sumus
1668 1412 1679 1422 .
1714 1377 2013 1422 Subiectam

79 1457 84 1466 ⁸
229 1460 349 1493 esse
379 1450 594 1492 naturae
616 1460 627 1470 ·
655 1447 914 1492 Subiectum
940 1452 1007 1492 est
1036 1460 1116 1505 per
1146 1448 1269 1504 quod
1300 1460 1445 1504 genus
1477 1448 1800 1492 demonstratur
1829 1451 1872 1493 et
1901 1449 2015 1493 sicut

229 1519 404 1577 species
444 1519 643 1563 subiecta
682 1523 750 1564 est
775 1519 954 1575 generi,
995 1519 1054 1563 ita
1093 1531 1285 1575 persona
1315 1523 1495 1563 naturae
1530 1553 1540 1563 .
1574 1519 1740 1564 Natura
1770 1522 1888 1564 extra
1919 1532 2014 1577 per-

230 1602 388 1636 sonam
411 1592 560 1647 potest
578 1590 833 1647 praedicari,
855 1591 980 1647 quod
1002 1590 1252 1634 nullatenus
1273 1602 1491 1647 personae
1515 1591 1641 1634 datur
1661 1593 1779 1635 extra
1799 1593 2011 1635 naturam.

89 1699 92 1703 .
230 1661 386 1706 Cicero
408 1661 527 1705 enim
549 1663 593 1704 et
623 1663 776 1705 natura
806 1663 874 1704 est
900 1663 944 1705 et
974 1673 1179 1717 persona,
1211 1661 1342 1706 arbor
1361 1673 1467 1706 vero
1499 1664 1651 1705 natura
1682 1664 1761 1714 est,
1794 1674 1886 1706 non
1918 1674 2014 1719 per-

74 1721 100 1792 s]
176 1744 357 1778 ausona.
378 1748 421 1776 33
488 1730 638 1776 Aliae
669 1734 791 1776 sunt
821 1732 1150 1776 substantiae
1172 1744 1182 1754 ·
1205 1733 1451 1776 secundum
1484 1732 1670 1789 primam
1702 1733 2013 1778 diffinitionem

229 1805 422 1848 naturae.
442 1818 486 1848 33
546 1802 680 1856 Quis
710 1803 848 1847 enim
880 1803 1020 1847 dicat
1042 1815 1052 1825 ·
1076 1803 1263 1860 Semper
1283 1816 1309 1847 a
1338 1803 1621 1859 generalibus
1642 1804 1699 1847 ad
1731 1804 1954 1860 specialia,
1987 1817 2013 1848 a

229 1874 497 1932 specialibus
537 1874 593 1918 ad
642 1874 975 1931 specialissima,
1032 1874 1255 1931 superflua
1301 1886 1506 1931 quaeque
1549 1875 1865 1928 subtrahendo,
1918 1888 2014 1932 per·

229 1945 392 1998 transit,
435 1946 583 1990 donec
613 1945 671 1990 ad
701 1950 900 1990 naturam
932 1946 978 1990 in
1009 1958 1099 2003 qua
1128 1946 1185 1990 sit
1214 1958 1407 2003 persona
1438 1947 1676 2003 perveniat.
1698 1962 1740 1990 33
1858 1946 2014 1991 Albe-

33 2054 38 2056 ,
230 2015 372 2060 dinis
402 2016 485 2062 vel
516 2016 813 2073 nigredinis
835 2028 846 2039 ·
869 2028 985 2073 quae
1016 2020 1119 2060 sunt
1149 2017 1407 2061 accidentia.
1430 2032 1472 2060 33
1562 2016 1896 2073 Relinquitur
1916 2030 1926 2040 ·
1950 2031 2013 2062 re-

176 2099 215 2129 ns
233 2089 317 2132 stat
345 2087 649 2132 accidentibus
680 2087 877 2131 sublatis.
899 2104 942 2132 33
1062 2086 1163 2131 Sed
1194 2087 1606 2131 substantiarum
1630 2099 1639 2109 ·
1664 2087 1711 2130 1n
1742 2088 1873 2131 rebus
1905 2088 2013 2132 divi-

91 2147 117 2154 ’
232 2158 391 2203 dendis
431 2158 613 2215 pulchre
652 2158 875 2214 genitivus
906 2158 1087 2215 pluralis
1117 2159 1314 2215 ponitur;
1362 2158 1732 2202 ‘substantiarum'
1774 2158 1819 2202 id
1860 2161 1927 2202 est
1958 2171 2013 2203 ex

231 2229 501 2274 substantiis.
523 2245 566 2274 33
685 2229 1067 2286 Corporearum
1090 2241 1100 2252 ·
1123 2230 1479 2274 substantiarum.
1500 2245 1543 2273 33
1661 2229 1909 2274 Viventes
1932 2242 1942 2252 ·
1965 2233 2012 2275 ut

232 2299 452 2353 homines,
484 2299 667 2344 bestiae.
688 2315 730 2344 33
788 2299 939 2344 Aliae
970 2300 1183 2344 minime
1204 2312 1215 2322 ·
1239 2305 1286 2344 ut
1306 2300 1491 2357 lapides.
1513 2316 1555 2344 33
1615 2300 1909 2345 Sensibiles
1932 2313 1942 2324 ·
1965 2304 2013 2345 ut

45 2412 55 2425 ,
94 2403 115 2417 .—
231 2370 387 2414 boves.
409 2386 452 2414 33
511 2370 730 2414 Minime
752 2381 762 2392 ·
785 2372 833 2414 ut
863 2370 1055 2415 arbores.
1077 2387 1120 2415 33
1192 2370 1537 2415 Sensibilium
1560 2382 1571 2393 ·
1594 2375 1641 2414 ut
1671 2371 1863 2425 arbores,
1897 2384 2012 2428 quae

19 2441 41 2461 ²³
176 2453 215 2483 ao
232 2441 438 2486 sentiunt.
458 2457 501 2486 33
610 2441 991 2498 Corporearum
1016 2453 1026 2464 ·
1048 2442 1404 2486 substantiarum.
1426 2458 1468 2486 33
1578 2442 1839 2486 Pecudum
1869 2443 1977 2487 vita
1999 2454 2010 2465 ·

231 2512 432 2557 Pecudes
461 2512 639 2557 vitalem
678 2513 988 2558 tantummodo
1029 2514 1221 2557 animam
1261 2513 1426 2557 habent
1458 2547 1469 2557 .
1505 2512 1610 2557 Ideo
1642 2525 1750 2569 ergo
1788 2513 1893 2557 dicit
1924 2516 2013 2570 ‘pe-

232 2583 396 2627 cudum
426 2583 555 2628 vitae'
580 2618 590 2628 .
612 2583 729 2628 Nam
761 2586 804 2628 et
834 2583 992 2629 Graeci
1025 2584 1228 2628 distincte
1259 2584 1545 2641 pronuntiant
1574 2596 1628 2628 ea
1659 2584 1865 2628 animalia
1897 2597 2012 2641 quae

231 2653 328 2698 sine
364 2654 533 2699 ratione
572 2658 676 2699 sunt
705 2659 748 2698 et
778 2667 832 2699 ea
862 2667 978 2711 quae
1017 2656 1186 2700 ratione
1217 2655 1381 2712 vigent,
1422 2655 1460 2699 si
1492 2655 1671 2712 quidem
1704 2655 1910 2700 animalia
1949 2656 2012 2700 in-

110 2761 114 2763 ,
232 2725 507 2770 rationabilia
536 2738 621 2771 zoa
659 2730 834 2780 vocant,
876 2726 932 2770 ab
964 2739 1022 2771 eo
1063 2727 1187 2783 quod
1227 2729 1295 2771 est
1324 2738 1422 2780 zoe,
1463 2726 1508 2770 id
1549 2729 1616 2770 est
1644 2727 1747 2779 vita,
1788 2738 1845 2771 eo
1887 2727 2010 2783 quod

180 2809 217 2839 ³⁵
232 2797 400 2841 tantum
429 2797 607 2841 vitalem
648 2797 841 2841 habeant
870 2798 1064 2842 animam
1096 2832 1106 2842 .
1139 2798 1256 2842 Hinc
1287 2800 1331 2842 et
1360 2797 1573 2841 zodiacus
1611 2801 1793 2841 vocatur
1831 2797 2013 2855 signiter

233 2866 433 2922 circulus,
470 2868 594 2924 quod
625 2868 832 2912 animalia
862 2869 1019 2913 dicitur
1048 2869 1211 2913 habere
1242 2902 1253 2914 .
1283 2868 1490 2912 Animam
1521 2879 1627 2912 vero
1659 2867 1853 2911 hominis
1884 2868 2012 2912 ratio-

233 2937 379 2983 nalem
411 2938 565 2995 psicen
596 2942 772 2983 vocant.
804 2955 848 2983 33
945 2939 1062 2984 Alia
1090 2951 1100 2962 ·
1129 2939 1175 2983 id
1207 2943 1275 2983 est
1306 2939 1563 2983 substantia.
1596 2954 1638 2982 ss
1747 2938 1840 2981 Per
1873 2950 2011 2982 crea·

374 3043 557 3091 4AOmnis
581 3064 630 3070 —
654 3043 678 3080 5
694 3015 878 3081 creaturae
893 3054 967 3081 om.
987 3045 1032 3086 U.
1057 3047 1157 3082 nach
1175 3046 1400 3081 constituunt
1427 3044 1482 3087 (Ζ.
1496 3044 1553 3087 10)
1578 3043 1721 3079 MEFP
1829 3043 1873 3078 7.
1889 3042 1912 3078 8
1937 3053 2010 3088 qua

68 3121 74 3135 r
234 3103 380 3148 proprie
404 3104 472 3158 {tas
497 3113 533 3138 u.
558 3103 758 3139 declaratur
780 3105 868 3147 om.)
897 3102 931 3140 C
1075 3104 1099 3140 8
1124 3103 1242 3140 Duas
1267 3103 1349 3148 eta]
1375 3113 1448 3139 om.
1468 3101 1502 3139 C
1643 3102 1690 3138 29
1713 3101 2010 3138 Sensibilium

69 3159 141 3174 ”·’
205 3160 892 3207 --30substantiarumlnurinc
