2352 3568
404 240 485 284 104
1165 231 1204 269 Ε.
1223 231 1265 269 Κ.
1283 231 1398 284 Rand,

187 380 218 410 Ρ.
234 379 295 414 ¹⁸0.
311 379 361 410 1³⁴
398 381 649 415 annorum
681 367 867 413 seriem
899 377 909 388 ·
942 364 1133 410 Fuerunt
1155 362 1269 408 CXX
1299 374 1516 407 annorum
1549 360 1624 419 (cf.
1649 361 1759 408 Gen.
1781 362 1824 416 6,
1845 361 1907 420 3),
1939 362 2063 422 quod
2094 363 2189 423 qui·

398 442 499 486 dam
532 440 777 496 intelligunt
817 438 872 483 de
904 436 1048 494 spatio
1089 447 1180 492 quo
1223 434 1467 491 expectavit
1507 433 1718 479 dominus
1759 434 2002 480 humanum
2041 446 2190 493 genus

397 517 497 558 ante
530 512 671 557 undas
703 510 867 562 diluvii,
901 508 1022 566 quod
1054 511 1097 552 et
1126 506 1232 551 satis
1264 505 1479 562 congruit.
1501 521 1544 550 σε
1672 504 2004 552 Patriarchas
2025 517 2036 530 ·
2059 505 2191 555 Patri·
2217 527 2221 530 ⁴

396 584 552 628 archae
584 582 708 640 quasi
751 580 970 638 principes
1001 579 1158 623 archae
1198 577 1268 622 vel
1310 579 1455 635 patres
1493 581 1594 623 ante
1625 589 1786 632 arcam,
1827 581 1871 623 et
1901 577 2031 624 etiam
2061 578 2190 637 quasi

359 672 378 700 ε
398 660 540 712 patres
572 653 711 711 primi.
733 669 776 696 ss
886 650 1035 705 Quos
1067 660 1207 694 more
1238 661 1335 694 suo
1367 660 1377 671 ·
1409 661 1447 694 s.
1478 648 1535 694 de
1566 648 1668 694 tiliis
1698 648 1890 695 Abraam
1921 649 2040 703 dicit.
2070 661 2190 709 quos

397 725 543 783 plures
573 724 756 780 genuit.
781 722 894 767 Nam
929 726 1030 779 post
1062 720 1213 765 Saram
1246 720 1369 765 duxit
1389 718 1638 773 Cethuram,
1671 732 1786 778 quae
1815 725 1883 766 est
1902 724 1947 766 et
1966 719 2099 779 Agar,
2129 721 2189 768 de

396 808 482 853 qua
516 795 601 839 nati
632 799 734 839 sunt
755 794 795 838 ei
826 793 915 845 filii,
947 792 1135 850 quinon
1158 796 1408 849 reputantur
1429 791 1472 836 in
1495 803 1681 837 numero
1703 792 2055 851 patriarcharum,
2086 792 2191 852 quia

397 867 439 911 in
463 866 685 911 voluntate
718 864 921 922 concepti
954 868 1056 908 sunt
1078 898 1088 909 .
1112 863 1385 909 Patriarchae
1407 863 1525 909 enim
1559 876 1651 909 non
1684 868 1789 910 sunt
1820 865 1907 910 nati
1938 864 2188 911 secundum

396 937 777 988 consuetudinem,
809 935 889 980 sed
922 935 1169 980 secundum
1202 934 1561 992 promissionem,
1601 934 1722 981 lsaac
1753 936 1933 994 quidem
1965 936 2024 983 de
2053 935 2188 983 sterili

343 1027 377 1056 ιο
395 1008 514 1061 Sara,
548 1008 679 1053 Iacob
712 1019 817 1053 vero
850 1007 906 1052 de
937 1007 1068 1052 sterili
1103 1006 1318 1052 Rebecca.
1340 1022 1384 1053 ⁸⁸
1443 1006 1789 1066 Aegyptiacis
1811 1019 1822 1032 ·
1845 1007 2036 1067 Aegiptii
2066 1008 2187 1055 enim

394 1081 595 1126 videntes
627 1079 843 1137 populum
867 1077 1146 1124 Hebreorum
1178 1078 1405 1136 multiplici
1445 1079 1644 1136 germine
1683 1079 1957 1138 multiplicari
1988 1080 2191 1127 dixoeunt

395 1150 469 1209 (cf.
502 1151 587 1196 Ex.
626 1152 663 1204 l,
691 1150 781 1207 10):
830 1161 935 1196 ecce
977 1150 1171 1208 populus
1203 1150 1332 1195 lsrael
1373 1150 1537 1196 multus
1569 1155 1636 1196 est
1676 1151 1808 1196 nimis
1830 1186 1841 1197 .
1864 1151 2016 1198 Venite
2046 1155 2092 1198 et
2119 1163 2189 1199 sa-

396 1224 563 1281 pienter
593 1222 897 1280 opprimamus
919 1234 1036 1275 eum,
1069 1234 1125 1267 ne
1156 1222 1267 1267 forte
1288 1222 1326 1267 si
1358 1222 1565 1280 ingruerit
1597 1222 1762 1268 bellum
1795 1227 1948 1269 contra
1978 1235 2065 1270 nos
2095 1222 2190 1270 iun·

394 1299 521 1352 gatur
551 1294 737 1339 inimicis
770 1294 941 1339 nostris.
971 1310 1013 1338 ss
1134 1292 1456 1340 Sacramenti
1491 1306 1501 1317 ·
1538 1299 1584 1339 ut
1624 1295 1723 1340 illae
1765 1295 1936 1341 hostiae
1967 1294 2188 1343 christum

345 1383 379 1413 ιε
397 1367 579 1425 mystice
610 1366 919 1423 significarent.
951 1382 994 1411 ss
1100 1366 1339 1412 Iordanis
1371 1378 1381 1389 ·
1416 1366 1484 1412 lor
1514 1371 1558 1412 et
1589 1366 1688 1412 Dan
1721 1367 1777 1412 ad
1810 1367 2003 1414 radicem
2034 1366 2190 1414 Libani

397 1439 604 1491 oriuntur,
647 1438 721 1495 qui
762 1442 828 1483 est
868 1450 1000 1483 mons
1049 1437 1255 1484 phenicis
1286 1473 1296 1483 .
1329 1437 1419 1484 Ubi
1462 1450 1568 1483 vero
1609 1451 1747 1484 unum
1786 1438 1970 1485 efficitur
2006 1438 2190 1494 flumen,

397 1509 554 1554 iunctis
584 1508 814 1554 vocabulis
846 1509 1090 1566 appellatur
1121 1509 1330 1555 lordaniS.
1354 1526 1397 1554 ⁸⁸
1457 1509 1552 1555 Per
1583 1522 1694 1556 eam
1717 1522 1727 1533 ·
1752 1522 1895 1568 usque
1925 1510 1982 1557 ad
2014 1522 2191 1558 eam-⁸⁸

398 1580 544 1634 Quae
577 1592 714 1626 nunc
746 1580 1115 1638 Hierosolyma
1138 1593 1148 1603 ·
1171 1586 1276 1626 tunc
1298 1581 1427 1626 lebus
1450 1616 1461 1627 .
1483 1580 1709 1627 Trinomia
1731 1587 1816 1628 est:
1845 1582 2010 1638 Salem,
2031 1582 2078 1629 iu
2097 1594 2188 1642 qun

396 1652 546 1697 dicunt
582 1664 791 1709 regnasse
824 1652 1175 1706 Melchisedech;
1217 1657 1373 1710 postea
1405 1652 1535 1699 lebus
1575 1653 1703 1707 dicta,
1745 1665 1802 1699 eo
1849 1653 1973 1712 quod
2012 1653 2191 1701 subdita

342 1723 473 1768 zofuit
510 1723 724 1777 lebuseis;
772 1736 826 1768 ex
872 1723 965 1768 istis
1009 1724 1188 1769 duobus
1235 1724 1492 1769 nominibus
1540 1724 1793 1779 lerusalenu
1840 1724 2191 1772 lerosolomonia

396 1795 509 1840 dicta
541 1799 607 1839 est
638 1807 663 1839 a
695 1794 938 1840 Salomone
969 1807 1087 1852 rege.
1109 1812 1151 1840 ss
1212 1795 1438 1841 Stemma
1461 1808 1471 1818 ·
1494 1795 1691 1842 Stemma
1723 1797 1878 1842 dicitur
1908 1797 2085 1855 proprie
2115 1797 2191 1843 de·

396 1866 545 1911 ductio
576 1866 873 1922 generationis
906 1900 916 1911 .
950 1866 1117 1911 Dicitur
1147 1867 1276 1911 etiam
1310 1871 1351 1912 et
1383 1867 1505 1912 filum
1539 1880 1631 1924 quo
1663 1868 1860 1925 ligabant
1890 1868 2014 1926 pueri
2046 1868 2190 1927 capita

396 1937 671 1994 significante
702 1949 928 1982 coronam.
993 1937 1046 1982 Et
1083 1938 1206 1995 pueri
1240 1943 1413 1996 ponunt
1442 1944 1631 1984 stemma
1671 1939 1716 1984 in
1749 1940 1950 1997 epistulis
1980 1940 2073 1986 suis
2106 1951 2189 1999 pro

397 2009 635 2054 nobilitate.
679 2008 820 2054 l-laec
840 2009 1072 2054 secunda
1095 2010 1303 2055 mulier·
1319 2010 1480 2055 Mulier
1500 2023 1634 2055 sexus
1655 2015 1699 2056 et
1719 2015 1897 2057 naturae
1919 2023 2086 2058 nomen
2109 2015 2191 2067 est,

341 2095 380 2124 πε
397 2092 488 2125 non
512 2080 830 2137 corruptionis,
850 2080 968 2137 Ergo
991 2081 1138 2125 nullus
1159 2082 1490 2135 scandalizetur,
1513 2095 1615 2127 cum
1635 2083 1691 2127 de
1707 2082 1847 2128 Maria
1868 2095 2050 2142 quoque
2070 2083 2194 2130 audit

397 2150 594 2197 ‘mulier’.
615 2168 658 2196 ss
779 2151 1024 2198 Radiaret
1046 2165 1055 2175 ·
1080 2153 1123 2197 in
1157 2153 1376 2198 miraculis
1408 2155 1645 2211 patrandis.
1667 2170 1709 2200 ss
1831 2154 2111 2202 Nestorius
2141 2159 2194 2202 et

398 2222 659 2281 Eutyches
682 2235 692 2245 ·
716 2223 831 2268 Nam
855 2223 1086 2269 Nestorius
1113 2224 1220 2269 dixit
1240 2225 1416 2270 alteram
1449 2226 1585 2271 fuisse
1617 2226 1689 2271 dei
1728 2238 1980 2284 personam,
2011 2226 2191 2274 alteram

398 2293 568 2348 Christi,
611 2295 692 2339 sed
724 2300 1006 2352 cooperatam
1039 2308 1139 2341 esse
1181 2296 1373 2341 divinam
1417 2309 1654 2355 personam
1687 2298 1909 2343 humanae
1939 2332 1951 2344 .
1982 2297 2192 2345 Eutichoe

397 2378 504 2411 vero
548 2366 605 2411 ita
649 2367 772 2412 dixit:
819 2366 977 2412 factam
1019 2367 1334 2413 adunationem
1367 2381 1468 2414 esse
1509 2370 1580 2414 dei
1622 2374 1665 2415 et
1705 2370 1913 2424 hominis»,
1954 2374 2002 2416 ut
2038 2374 2192 2416 namra

344 2438 592 2483 :inhumana
623 2450 715 2483 non
748 2439 968 2493 manserit,
1001 2440 1081 2484 sed
1114 2440 1329 2485 transfusa
1361 2441 1415 2486 sit
1446 2441 1490 2486 in
1523 2441 1731 2487 divinam.
1754 2458 1797 2487 σε
1859 2441 2157 2488 Haereseos
2178 2453 2190 2465 ·

399 2508 446 2555 ln
469 2508 650 2555 Graecis
678 2510 934 2555 nominibus
956 2511 1122 2556 vocalis
1154 2516 1255 2557 ante
1275 2513 1476 2558 vocalem
1510 2514 1776 2571 producitur,
1809 2513 1922 2559 sicut
1952 2513 1997 2559 in
2028 2513 2192 2560 Latinis

400 2581 639 2638 corripitur.
659 2597 703 2626 aa
763 2581 967 2639 Corpus
989 2594 999 2605 ·
1023 2595 1115 2627 non
1148 2583 1204 2628 de
1225 2583 1364 2629 Maria
1395 2589 1636 2642 sumptum,
1668 2585 1749 2630 sed
1772 2596 1827 2630 ex
1857 2589 1967 2631 terra
1988 2585 2059 2632 vel
2090 2596 2192 2632 aere

400 2662 481 2696 seu
512 2662 566 2696 ex
597 2651 826 2696 elementis
866 2652 908 2696 in
941 2653 1067 2698 caelo
1099 2653 1332 2699 formatum
1365 2660 1407 2700 et
1449 2656 1491 2700 in
1525 2661 1694 2701 uterum
1727 2656 1908 2713 virginis
1938 2656 1996 2701 ab
2027 2657 2191 2714 angelo

402 2721 668 2780 depositum.
690 2738 732 2767 ss
820 2722 1123 2781 Baptizatus
1146 2737 1156 2747 ·
1181 2725 1304 2771 Haec
1334 2731 1401 2772 est
1432 2739 1566 2772 causa
1597 2739 1674 2772 cur
1705 2727 1903 2773 Christus
1933 2727 2190 2785 baptizatur,

347 2806 385 2837 as
403 2805 495 2839 non
527 2793 650 2851 quod
682 2793 778 2852 ipse
809 2799 958 2851 egeret
988 2795 1062 2840 illo
1094 2796 1331 2853 baptismo,
1362 2798 1443 2843 sed
1476 2802 1522 2843 ut
1552 2798 1738 2843 formam
1772 2798 2032 2856 baptizantis
2070 2811 2192 2858 pra&

402 2864 538 2910 beret.
559 2880 602 2910 aa
689 2865 825 2911 lacet
855 2866 1022 2911 tribus
1053 2867 1242 2912 diebus
1264 2880 1274 2890 ·
1298 2867 1336 2913 Α
1357 2873 1452 2914 toto
1485 2874 1651 2927 partem
1683 2869 1876 2926 intellige
1899 2868 2039 2916 ..Non
2070 2869 2190 2916 enim

403 2936 486 2982 nisi
518 2948 606 2982 una
636 2936 803 2995 integra
825 2937 898 2983 die
919 2938 1050 2983 iacuit
1070 2939 1112 2983 in
1135 2939 1386 2997 sepulchro,
1419 2941 1499 2985 sed
1532 2946 1767 2999 supputata
1800 2941 1903 2986 teria
1935 2943 2071 2995 sexta.
2102 2953 2191 3000 qua

545 3091 571 3129 6
594 3092 793 3130 cethturam
818 3091 853 3129 B
968 3092 1011 3130 18
1037 3092 1162 3139 Quae
1186 3093 1270 3141 στα]
1295 3094 1363 3136 LF.
1413 3099 1498 3132 tunc
1523 3097 1724 3133 vocabatur
1749 3096 1858 3134 iebus
1883 3099 1919 3134 et
1944 3094 2068 3135 Salem
2092 3104 2192 3135 mc

404 3153 526 3188 autem
550 3155 701 3189 voe-tur
724 3151 802 3189 Elia
826 3150 861 3189 Β
956 3152 998 3191 21
1028 3153 1160 3191 dlcltur
1184 3163 1256 3191 om.
1275 3154 1308 3191 Β
1403 3155 1450 3192 23
1476 3165 1598 3192 scema
1624 3155 1698 3192 LM
