2352 3568
382 242 440 288 66
1150 233 1381 276 annana.

204 382 332 419 ‚rosv
383 372 580 418 ludendo
620 370 881 416 confirmare
914 402 923 413 .
955 366 1083 412 Verbi
1114 366 1254 423 gratia
1286 362 1484 409 ‘locusta'
1518 375 1620 408 cum
1661 362 1830 408 dicatur
1860 362 1987 421 quasi
2019 362 2172 421 ‘longa

381 442 517 489 hasta’
557 441 629 500 (cs.
662 441 819 486 Isidor.
853 439 999 498 Etym.
1032 438 1119 491 ΧΠ,
1152 437 1194 490 8,
1226 436 1287 493 9),
1339 438 1488 480 tamen
1539 433 1779 480 alludimus
1822 433 1880 479 ad
1921 445 2088 480 nomen
2129 438 2174 481 et

380 515 570 560 dicimus
602 511 799 558 ‘locusta'
834 511 959 568 quasi
993 510 1111 555 ‘loco
1142 507 1237 554 sta'.
1273 524 1315 553 33
1421 506 1611 556 Reddit
1652 518 1663 529 ·
1705 507 1849 551 vocat.
1895 521 1938 552 33
2042 505 2174 552 Sub·

380 586 622 631 stantiam
658 596 667 606 ·
702 582 955 628 Substantia
1000 581 1156 626 dicitur
1198 591 1255 624 eo
1290 578 1413 636 quod
1446 578 1604 623 subtus
1641 581 1737 623 stet.
1772 593 1814 622 33
1904 575 2172 623 Subsunt·

343 657 627 701 ssubiectum
671 659 786 708 sunt,
834 654 947 698 sicut
991 652 1150 698 Cicero
1194 651 1442 696 subiectum
1487 649 1682 695 hominis
1725 653 1770 695 et
1812 648 1975 694 animal
2018 652 2099 696 oet.
2131 664 2175 695 33

380 727 697 784 Nuncupent
720 737 729 748 ·
753 738 788 769 s.
813 724 984 769 Graeci.
1007 740 1048 769 33
1171 732 1362 768 orcum
1411 721 1640 780 ·Exponit
1671 733 1790 766 nunc
1832 720 1997 766 Latinis
2026 720 2174 767 verbis

381 799 487 856 quid
533 798 702 843 Graeca
743 796 1007 853 significent.
1041 811 1084 839 33
1215 793 1512 840 Essentiam
1547 805 1557 816 ·
1593 805 1709 852 quae
1752 796 1820 839 est
1864 792 1909 839 in
1953 791 2175 839 universa·

381 870 509 914 libus.
532 887 574 914 33
684 875 939 917 ογειωειΝ
973 880 981 888 ·
1013 878 1129 924 quae
1161 877 1253 911 non
1295 865 1465 922 indiget
1504 865 1809 911 accidentibus
1849 869 1897 910 ut
1926 875 2027 910 esse
2071 875 2175 923 pos·

380 941 447 985 sit.
475 957 517 986 33
624 949 935 988 *noc-racis
973 950 982 960 ·
1019 950 1135 995 quae
1185 937 1356 982 substat
1401 936 1671 982 accidentiis.
1693 953 1735 982 33
1830 941 2173 983 προεωποκ·

330 1023 362 1052 ιο
381 1012 502 1069 quod
526 1015 591 1056 est
613 1010 823 1055 rationale
846 1015 888 1055 et
920 1009 1214 1062 individuum,
1246 1013 1289 1054 et
1310 1009 1414 1054 ideo
1436 1020 1530 1054 non
1552 1012 1693 1054 errant
1714 1007 1887 1062 Graeci,
1919 1007 1996 1065 qui
2022 1006 2176 1052 dicunt

382 1095 514 1127 unam
547 1082 783 1127 essentiam
827 1082 871 1126 in
910 1081 1048 1126 tribus
1087 1081 1358 1134 substantiiS,
1396 1079 1822 1138 quia.substantiam
1860 1090 1943 1137 pro
1982 1089 2176 1136 persona

381 1154 614 1211 accipiunt.
650 1170 692 1199 33
792 1152 1106 1198 Melioribus
1145 1165 1154 1175 ·
1194 1152 1237 1197 id
1275 1155 1342 1197 est
1377 1152 1726 1197 rationabilibus.
1761 1167 1803 1197 33
1904 1148 2173 1196 Tametsi·

382 1225 500 1270 Licet
551 1237 644 1270 non
697 1224 942 1269 secundum
987 1225 1075 1269 hoc
1115 1224 1239 1281 quod
1283 1224 1521 1269 essentiam
1566 1224 1699 1269 habet
1742 1226 1785 1268 et
1828 1220 2176 1275 subsistentiam,

382 1300 527 1340 tamen
562 1296 605 1340 in
629 1296 825 1349 nomine,
861 1295 984 1352 quod
1007 1299 1072 1340 est
1104 1295 1362 1349 substantia,
1395 1295 1518 1340 fieret
1539 1294 1746 1340 discretio
1769 1292 2095 1339 rationabilium
2117 1292 2176 1339 ab

332 1378 364 1407 1⁵
384 1367 743 1412 irrationabilium
782 1366 1021 1412 vocabulo.
1044 1383 1085 1412 33
1175 1366 1552 1423 Descriptione
1576 1378 1585 1388 ·
1610 1365 1890 1411 diffinitione.
1913 1381 1956 1411 33
2045 1362 2176 1411 Sub·

381 1438 625 1482 sistentia
650 1450 659 1460 ·
683 1450 718 1483 s.
742 1438 950 1483 hominis.
973 1454 1015 1482 33
1118 1437 1380 1492 Quoniam
1414 1441 1492 1482 est
1516 1449 1525 1460 ·
1548 1437 1605 1482 ab
1638 1449 1739 1482 esse
1771 1436 1940 1482 dicitur.
1962 1451 2005 1482 33
2086 1445 2176 1483 0*-

383 1517 558 1558 cioectc
588 1525 596 1533 ·
622 1522 657 1554 s.
681 1510 737 1554 de
770 1510 951 1555 homine
984 1510 1151 1555 dicitur.
1174 1526 1216 1554 33
1308 1509 1510 1555 Ceteris
1533 1521 1543 1532 ·
1571 1509 1888 1555 accidentibus.
1909 1525 1953 1555 33
2046 1506 2177 1554 Sub·

381 1581 659 1626 sistentiae
683 1594 692 1603 ·
717 1582 821 1638 quia
843 1581 1127 1627 subsistentia
1149 1593 1240 1626 non
1274 1581 1332 1626 ita
1364 1581 1497 1626 habet
1519 1583 1635 1626 certa
1659 1581 1918 1635 accidentia,
1940 1579 2177 1638 quomodo

381 1653 637 1698 substantia.
660 1670 702 1698 33
770 1653 1003 1698 Persona
1027 1666 1036 1676 ·
1060 1653 1128 1698 De
1161 1653 1376 1698 Cicerone
1408 1654 1496 1698 hoc
1528 1652 1646 1706 dicit,
1678 1652 1782 1710 quia
1814 1653 1954 1698 homo
1985 1663 2080 1698 non
2109 1654 2178 1697 est

329 1734 365 1763 2⁰
384 1736 574 1782 persona
607 1759 616 1769 .
650 1725 739 1770 Est
771 1725 906 1770 enim
931 1737 940 1747 ·
964 1725 1009 1769 id
1041 1729 1109 1770 est
1139 1737 1240 1770 vere
1272 1727 1339 1769 est
1362 1759 1371 1769 .
1394 1724 1511 1769 Nam
1544 1724 1652 1769 nihil
1685 1727 1752 1770 est
1782 1723 1902 1769 aliud
1934 1723 2019 1769 nisi
2051 1721 2176 1781 quod

382 1800 461 1840 est.
484 1813 525 1841 33
617 1796 981 1842 proficiscitur
1003 1809 1012 1818 ·
1037 1796 1267 1841 derivatur.
1295 1812 1336 1841 33
1428 1795 1487 1840 Et
1532 1802 1843 1845 vvtcssaceat
1875 1806 1886 1818 ·
1909 1807 1946 1840 s.
1977 1805 2079 1840 esse
2119 1794 2177 1849 ei,

384 1867 428 1911 id
461 1872 527 1911 est
558 1868 770 1914 substare.
793 1884 835 1912 33
941 1867 1155 1913 Substat
1186 1868 1321 1912 enim
1354 1879 1364 1890 ·
1398 1879 1490 1912 non
1523 1879 1615 1924 quo
1648 1867 1810 1912 habeat
1839 1866 2062 1919 accidens,
2095 1865 2177 1912 sed

384 1939 487 1995 quia
528 1939 805 1983 individuum
838 1943 905 1983 est
945 1951 1024 1984 seu
1058 1939 1181 1996 quod
1214 1939 1426 1983 omnibus
1467 1939 1599 1984 rebus
1641 1938 1767 1996 quasi
1801 1938 2032 1996 quoddam
2072 1937 2177 1983 sub-

384 2009 543 2054 iectum
577 2013 643 2055 est
676 2013 719 2055 et
759 2014 805 2055 ut
836 2023 935 2055 esse
967 2010 1142 2055 valeant
1182 2010 1500 2055 sumministrat
1540 2010 1651 2068 ipse,
1693 2022 1719 2055 a
1751 2021 1843 2067 quo
1884 2011 1929 2054 et
1967 2020 2069 2055 esse
2107 2020 2178 2055 ac·

329 2081 563 2139 ascipiunt.
586 2098 628 2126 33
734 2092 1046 2131 vnce-taem
1072 2093 1082 2105 ·
1106 2082 1351 2127 substantia
1383 2082 1469 2127 iam
1502 2082 1546 2126 in
1570 2093 1627 2127 eo
1659 2081 1783 2139 quod
1815 2085 1882 2126 est
1912 2092 2179 2139 personam

382 2151 716 2198 Substantias
745 2165 754 2176 ·
788 2165 1003 2211 personas
1036 2188 1045 2199 .
1078 2152 1332 2198 Substantia
1378 2154 1516 2199 tribus
1565 2153 1713 2198 modis
1762 2152 1947 2210 intelligi
1993 2156 2144 2211 potest
2164 2187 2176 2199 .

382 2222 494 2268 Cum
526 2224 645 2269 enim
678 2224 868 2269 dicimus
900 2225 944 2269 in
977 2224 1151 2270 Christo
1191 2225 1417 2282 geminam
1450 2224 1757 2278 substantiam,
1799 2235 1881 2282 pro
1913 2228 2066 2270 natura
2096 2235 2177 2283 po·

382 2294 514 2348 nitur;
547 2307 647 2340 cum
669 2300 756 2340 tres
777 2296 1047 2340 substantias
1069 2296 1255 2350 deitatiS‚
1289 2308 1370 2354 pro
1402 2307 1614 2353 persona;
1646 2307 1747 2340 cum
1778 2307 1886 2341 vero
1917 2307 2052 2342 unam
2072 2294 2178 2342 sub·

381 2365 584 2411 stantiam
617 2366 830 2421 trinitatis,
872 2379 953 2424 pro
985 2368 1190 2413 essentia.
1212 2384 1255 2412 33
1365 2367 1662 2413 Secundum
1704 2368 1840 2413 hunc
1871 2379 1881 2390 ·
1914 2365 2035 2422 Quia
2063 2366 2176 2413 deus

326 2436 571 2494 aosimplex
601 2443 667 2483 est
698 2438 742 2483 in
775 2439 967 2484 essentia
998 2439 1186 2494 deitatiS,
1219 2439 1322 2485 ideo
1356 2453 1490 2485 unam
1523 2440 1762 2485 essentiam
1794 2439 1891 2485 eius
1923 2438 2083 2485 Graeci
2113 2437 2177 2484 di·

382 2510 487 2553 cunt
511 2542 520 2553 .
544 2508 663 2564 Quia
693 2521 800 2555 vero
832 2510 876 2554 in
909 2510 1019 2555 solis
1051 2510 1291 2556 individuis
1324 2511 1583 2556 substantiis
1614 2516 1682 2556 est
1713 2522 1920 2568 persona,
1953 2510 2059 2556 ideo
2087 2513 2177 2556 trec

382 2579 651 2625 substantias
682 2580 795 2625 sicut
825 2585 868 2626 et
897 2586 984 2626 tres
1024 2594 1240 2639 personas
1271 2582 1407 2636 aiunt,
1449 2587 1495 2627 ut
1526 2587 1661 2639 pater,
1703 2594 1808 2627 ecce
1839 2594 1928 2627 una
1968 2591 2175 2639 persona,

382 2649 516 2696 altera
546 2650 639 2704 filii,
675 2651 799 2696 tertia
830 2652 1009 2709 spiritus
1042 2653 1180 2698 sancti
1204 2687 1215 2699 .
1237 2652 1354 2699 Nam
1388 2653 1508 2698 nulla
1540 2665 1731 2711 persona
1763 2655 1912 2710 potest
1941 2652 2041 2698 sine
2070 2650 2176 2697 sub·

383 2721 541 2767 stantia
573 2722 659 2767 dici
692 2756 703 2767 .
736 2721 854 2780 Ergo
886 2723 923 2767 si
955 2726 1041 2769 tres
1072 2728 1176 2769 sunt
1216 2736 1449 2782 personae,
1491 2727 1578 2769 tres
1609 2727 1652 2770 et
1682 2723 1956 2770 substantiae
1985 2726 2102 2769 sunt.
2133 2740 2178 2770 33

329 2802 366 2833 as
384 2790 722 2838 Substantias
745 2805 755 2816 ·
774 2793 859 2838 dici
892 2794 1073 2851 quidem
1108 2798 1306 2852 possent.
1329 2812 1370 2841 33
1482 2795 1599 2840 Dici
1631 2794 1928 2840 substantia
1950 2806 1961 2817 ·
1985 2797 2032 2840 ut
2062 2795 2176 2842 deus

385 2865 508 2921 pater
536 2865 795 2920 substantia,
827 2865 946 2911 filius
976 2867 1235 2921 substantia,
1267 2867 1446 2925 spiritus
1478 2870 1656 2912 sanctus
1687 2867 1954 2922 substantia;
2002 2869 2049 2914 ut
2079 2879 2175 2927 per·

383 2946 497 2982 sona
529 2937 677 2995 patris,
709 2949 901 2996 persona
934 2938 1027 2993 tilii,
1060 2951 1252 2997 persona
1284 2940 1462 2997 spiritus
1494 2940 1647 2985 sancti.
1671 2956 1714 2985 33
1825 2938 1999 2985 Rebus
2022 2951 2033 2963 ·
2054 2938 2177 2986 velut

384 3006 470 3052 sibi
491 3008 809 3055 accidentibus.
830 3026 873 3055 33
933 3008 1238 3056 Subiectum
1262 3023 1272 3034 ·
1296 3011 1452 3056 dicitur
1483 3011 1741 3064 substantia,
1774 3022 1831 3056 eo
1854 3010 1978 3068 quod
2004 3010 2176 3066 substat

385 3078 478 3124 suis
509 3079 812 3126 accidentibus
840 3115 851 3127 .
882 3080 929 3127 Si
961 3093 1071 3140 ergo
1102 3082 1214 3128 deus
1245 3083 1364 3140 apud
1389 3083 1568 3128 Latinos
1599 3083 1737 3128 trinus
1770 3083 1814 3127 in
1845 3081 2092 3128 substantia
2111 3081 2175 3128 di·

330 3151 565 3204 oceretur,
604 3151 718 3196 sicut
757 3154 801 3197 et
830 3152 950 3211 apud
983 3151 1196 3208 GraecoS,
1238 3166 1330 3199 non
1363 3154 1578 3199 diceretur
1606 3153 1851 3199 substantia
1882 3153 2009 3207 deus,
2046 3151 2175 3210 quasi
