2352 3568
929 250 1116 287 Johannes
1141 249 1299 287 Scottus.
1944 252 2000 296 79

38 393 166 428 ²21⁴.12
219 383 359 429 modo
390 395 416 428 a
448 383 549 428 deo.
572 399 614 428 33
686 381 1166 427 Animadvertenda
1188 393 1199 404 ·
1222 393 1315 427 non
1346 381 1640 438 neglegenda.
1662 397 1704 426 33
1777 381 1829 426 Si
1862 382 1997 427 enim

218 467 279 500 ex
309 467 463 500 carne
494 455 716 499 humana
739 465 749 476 ·
771 453 885 498 sicut
914 465 1016 498 vere
1047 457 1126 498 est.
1148 469 1191 498 33
1295 452 1420 498 Eum
1454 453 1651 510 quippe
1682 453 1939 498 salvavit·
1962 466 1997 498 s.

218 539 245 571 a
274 530 474 584 peccato.
496 542 538 570 33
637 525 691 570 Si
723 537 845 570 vero
869 537 879 547 ·
903 525 1026 582 quod
1057 525 1109 570 si.
1131 540 1173 569 33
1277 524 1492 569 Penitus
1524 536 1628 569 non
1660 528 1871 581 egeret·
1897 525 1999 581 quia

217 597 361 642 Adam
394 602 494 642 ante
527 601 758 654 peccatum
790 609 883 641 non
915 596 1076 653 egebat
1106 596 1472 653 redemptionem.
1493 612 1536 640 33
1618 595 1804 650 Qualis
1835 595 1998 640 Adam

181 685 200 715 s
218 669 317 713 fuit
338 679 348 690 ·
370 681 406 713 s.
429 673 529 712 ante
561 671 805 725 peccatum.
826 683 869 711 33
927 667 1179 711 Voluntas
1211 667 1466 724 peccandi
1489 679 1499 690 ·
1521 666 1665 711 Adam
1697 667 1842 724 potuit
1870 667 1998 720 velle,

218 740 362 797 potuit
391 743 435 784 et
464 739 584 783 nolle
615 750 811 795 peccare,
845 738 949 795 quia
978 738 1164 782 liberum
1196 738 1388 783 habebat
1417 738 1639 783 arbitrium
1647 753 1660 792 ;
1690 739 1772 783 sed
1803 738 1999 784 Christus

218 823 303 856 nec
332 810 446 855 velle
478 810 634 867 potuit.
656 826 698 854 33
807 809 1222 866 Praetergressis
1245 821 1255 832 ·
1279 810 1597 867 praevaricatis.
1620 826 1662 854 ss
1772 810 1998 854 Delictis

217 885 480 926 teneretur
521 881 766 924 astrictus
789 892 799 902 ·
822 893 859 925 s.
890 882 927 924 si
966 881 1053 925 tale
1094 893 1256 938 corpus
1293 882 1546 938 assumpsit,
1591 881 1722 938 quale
1764 881 1845 926 fuit
1874 881 1999 926 Adae

218 957 322 1011 post
351 952 785 1009 praevaricationem.
808 967 849 996 33
945 951 1054 996 Nec
1084 952 1331 997 voluntas
1355 965 1364 975 ·
1387 965 1468 1010 pro
1501 965 1661 1009 neque.
1691 969 1734 997 ss
1822 952 1998 997 Talem

166 1042 201 1071 10
218 1028 407 1069 statum
426 1036 436 1046 ·
454 1023 688 1068 terminum
713 1023 951 1080 quendam.
974 1040 1016 1067 33
1068 1023 1374 1067 Necessitas
1398 1035 1407 1045 ·
1429 1024 1557 1067 Duae
1578 1028 1681 1067 sunt
1701 1024 1998 1077 necessitates,

218 1108 307 1140 una
337 1107 453 1152 quae
484 1095 618 1139 habet
647 1094 840 1151 aliquam
873 1095 1213 1151 obpressionem
1246 1098 1289 1138 et
1319 1094 1553 1147 miseriam,
1595 1094 1680 1138 alia
1711 1107 1827 1151 quae
1867 1095 2000 1139 habet

217 1166 556 1211 delectationem
578 1169 621 1210 et
650 1165 901 1210 felicitatem
925 1200 935 1210 .
958 1165 1073 1209 Nam
1097 1178 1198 1210 cum
1231 1165 1475 1209 diffinimus
1507 1166 1735 1210 hominem
1768 1167 1998 1210 mortalem

216 1250 332 1292 esse,
375 1238 486 1282 haec
526 1237 767 1282 necessitas
807 1237 960 1281 mortis
992 1236 1217 1293 quandam
1249 1237 1470 1280 miseriam
1502 1237 1636 1280 habet
1669 1271 1679 1281 .
1716 1236 1773 1280 At
1803 1249 1904 1281 cum
1937 1238 1999 1281 di-

218 1309 359 1354 cimus
390 1309 524 1352 deum
555 1308 832 1353 inmortalem
863 1308 934 1352 vel
966 1307 1153 1365 angelos
1184 1319 1277 1352 non
1314 1320 1451 1364 posse
1482 1320 1679 1365 peccare,
1721 1308 1999 1352 ostendimus

167 1396 202 1426 ιε
219 1381 333 1424 hanc
354 1379 661 1424 necessitatem
682 1392 856 1424 summe
879 1391 979 1424 esse
1000 1379 1189 1432 felicem,
1223 1391 1311 1436 qua
1332 1379 1594 1423 necessitate
1615 1391 1708 1423 non
1730 1383 1998 1436 premuntur,

217 1451 298 1496 sed
329 1451 540 1495 fruuntur.
562 1467 604 1496 33
663 1451 1012 1495 Passionibus
1044 1450 1484 1495 confunderetur·
1508 1450 1675 1494 scilicet
1705 1451 1854 1504 animi,
1887 1463 1998 1507 quas

218 1534 312 1566 non
343 1522 486 1566 sentit.
508 1538 550 1566 33
610 1521 980 1578 Obductisque
1001 1534 1011 1544 ·
1035 1521 1273 1566 obclausis.
1296 1538 1338 1565 33
1398 1521 1516 1565 Non
1547 1522 1752 1566 sincera
1784 1522 1999 1578 integri-

217 1597 321 1638 tate
364 1605 374 1615 ·
416 1592 667 1650 Antequam
709 1592 853 1637 Adam
901 1597 1103 1649 peccaret
1144 1593 1335 1649 simplici
1387 1593 1543 1636 intuitu
1587 1597 1630 1636 et
1677 1605 1786 1649 pura
1828 1593 1997 1638 ratione

218 1665 370 1709 omnia
400 1664 677 1709 discernebat
711 1676 794 1708 nec
824 1664 869 1708 in
891 1664 1041 1720 aliquo
1072 1676 1210 1707 errare
1242 1668 1431 1720 poterat;
1469 1668 1512 1707 at
1548 1668 1786 1720 postquam
1817 1676 1867 1708 se
1898 1676 1999 1721 pec-

164 1740 317 1780 meato
358 1735 567 1788 subdidit,
611 1735 923 1779 sublimitatem
966 1747 1073 1779 mox
1114 1735 1294 1779 rationis
1338 1735 1539 1791 perdidit,
1583 1735 1642 1779 ita
1682 1739 1728 1779 ut
1766 1735 1877 1780 falsa
1917 1747 1997 1792 pro

215 1806 583 1852 veris<imilibus>
605 1811 649 1850 et
677 1806 929 1850 verisimilia
960 1818 1041 1863 pro
1063 1806 1176 1850 veris
1207 1806 1405 1862 accipiat.
1427 1822 1470 1850 33
1535 1806 1740 1850 Poenas
1763 1818 1773 1828 ·
1796 1810 1997 1859 mortem,

218 1882 448 1934 peccatum
480 1882 524 1922 et
552 1877 825 1922 voluntatem
857 1877 1072 1935 peccandi
1104 1881 1236 1933 atque
1267 1889 1471 1921 errorem.
1496 1893 1538 1922 33
1628 1877 1822 1921 Delicti
1854 1890 1998 1935 prae-

217 1949 540 1994 varicatione
562 1960 572 1971 ·
594 1949 906 1993 indiscretione
938 1948 1101 1993 iudicii.
1123 1964 1165 1992 33
1225 1948 1402 1992 Status
1425 1960 1434 1970 ·
1457 1947 1564 1992 Tres
1595 1952 1733 1992 status
1765 1949 1997 1993 hominum

218 2020 411 2078 appellat
445 2024 532 2064 tres
564 2020 809 2076 qualitates.
840 2035 883 2064 33
1002 2019 1213 2064 Poterat
1251 2019 1497 2064 voluntas
1538 2031 1655 2063 esse
1696 2020 1953 2076 peccandi
1986 2032 1996 2041 ·

163 2095 396 2148 aspropter
425 2091 610 2135 liberum
651 2090 886 2135 arbitrium.
907 2106 950 2134 33
1069 2090 1122 2134 ln
1154 2102 1257 2146 quo
1291 2102 1300 2112 ·
1332 2102 1413 2147 pro
1445 2091 1490 2134 in
1524 2103 1671 2146 quem.
1693 2106 1736 2134 33
1854 2090 1998 2134 Tunc

218 2162 354 2206 enim
391 2162 686 2206 addendum
719 2161 855 2206 foret
889 2173 898 2183 ·
933 2161 979 2205 id
1011 2165 1095 2205 est:
1136 2162 1247 2205 haec
1277 2161 1406 2205 beata
1437 2165 1480 2205 et
1518 2161 1622 2205 felix
1652 2161 1892 2205 necessitas
1924 2161 1998 2204 ad-

218 2233 366 2278 denda
396 2237 487 2277 erat
516 2233 570 2277 ei.
592 2248 634 2276 33
695 2232 927 2286 Quorum
951 2244 961 2254 ·
984 2233 1030 2276 id
1051 2236 1118 2276 est
1136 2232 1265 2276 trium
1286 2235 1491 2276 statuum.
1512 2247 1555 2276 33
1614 2231 1995 2276 Summitatum·

218 2303 264 2348 id
295 2308 362 2348 est
392 2304 724 2348 extremitatum.
748 2319 790 2347 33
879 2303 988 2347 Nec
1018 2307 1186 2347 status
1218 2303 1304 2359 qui
1337 2303 1621 2360 praemium
1654 2307 1795 2347 esset
1820 2314 1830 2325 ·
1854 2303 1899 2347 id
1931 2305 1998 2347 est

218 2374 291 2418 ille
322 2374 368 2418 in
401 2386 491 2430 quo
523 2386 642 2418 nunc
671 2378 775 2418 sunt
804 2374 951 2430 angeli
979 2408 989 2418 .
1018 2373 1206 2431 Expleto
1237 2375 1356 2418 enim
1388 2386 1573 2418 numero
1605 2375 1806 2418 omnium
1838 2374 1998 2419 electo-

163 2458 314 2489 aorum
349 2449 576 2502 gustarent
613 2457 773 2489 omnes
811 2446 867 2489 de
907 2445 1031 2501 ligno
1070 2445 1185 2490 vitae
1225 2449 1269 2489 et
1306 2446 1372 2490 sic
1410 2445 1738 2490 transferrentur
1777 2445 1834 2490 ad
1874 2445 1996 2490 illum

218 2515 522 2560 beatissimum
553 2519 726 2560 statum.
748 2531 791 2559 33
909 2515 970 2560 Et
1008 2516 1052 2559 is
1093 2517 1180 2572 qui
1221 2528 1423 2573 poenae
1462 2516 1562 2560 fuit
1588 2528 1599 2538 ·
1627 2529 1663 2560 s.
1686 2520 1824 2560 status
1847 2550 1857 2560 .
1880 2516 1997 2560 Ecce

218 2587 325 2631 alter
353 2587 480 2631 locus
511 2587 826 2631 summitatum.
848 2603 890 2631 33
1010 2587 1062 2631 In
1094 2587 1188 2631 illo
1221 2587 1356 2631 enirn
1380 2600 1390 2609 ·
1412 2600 1448 2631 s.
1473 2587 1548 2643 qui
1580 2587 1771 2644 primum
1802 2591 1932 2631 esset.
1954 2603 1996 2631 33

218 2657 280 2702 Et
309 2669 444 2702 mors
477 2669 487 2680 ·
518 2657 627 2702 Tam
659 2658 818 2702 misere
848 2658 1190 2715 praevaricatum
1222 2662 1288 2702 est
1317 2658 1502 2702 liberum
1535 2658 1770 2703 arbitrium.
1792 2674 1834 2702 33
1943 2658 1995 2702 ln

219 2729 317 2773 hoc
347 2741 472 2774 vero
495 2741 505 2751 ·
527 2742 563 2774 s.
587 2730 662 2786 qui
693 2741 842 2787 poena
871 2729 965 2775 fuit.
986 2746 1028 2774 33
1124 2729 1292 2774 Prona
1316 2741 1326 2751 ·
1347 2729 1553 2773 labentia.
1575 2745 1617 2773 33
1715 2729 1824 2773 Nec
1854 2729 1996 2786 quic·

363 2869 407 2906 12
433 2870 634 2906 diffinimus
655 2869 732 2911 ΠΒ,
759 2870 915 2906 dicimus
931 2870 1010 2906 ΜΡ
1125 2871 1173 2907 20
1197 2871 1237 2907 ut
1259 2871 1351 2907 falsa
1376 2881 1449 2907 om.
1466 2871 1545 2906 ΜΡ
1660 2870 1716 2906 20.
1735 2870 1777 2906 21
1806 2880 1872 2916 pro
1897 2867 1995 2905 veris

219 2932 255 2965 et
277 2929 491 2965 verisimilia
515 2939 582 2975 pro
606 2930 704 2965 veris
725 2929 802 2970 ΠΒ,
827 2939 894 2976 pro
917 2931 1015 2966 veris
1041 2931 1078 2966 et
1101 2931 1334 2966 verissimilia
1362 2940 1428 2976 pro
1453 2931 1550 2966 veris
1574 2929 1630 2969 M,
1655 2939 1722 2975 pro
1747 2930 1845 2964 veris
1869 2930 1996 2964 verisi-

219 2987 320 3024 milia
345 2990 381 3024 et
396 2988 610 3024 verisimilia
635 2998 703 3034 pro
719 2990 817 3024 veris
841 2988 875 3024 F
958 2989 1005 3025 23
1022 2987 1188 3025 Status
1213 2989 1293 3034 etc]
1320 2999 1392 3025 om.
1411 2988 1490 3024 ΜΡ
1580 2987 1627 3024 25
1651 2988 1699 3024 In
1724 2987 1807 3032 eta]
1834 2997 1907 3023 om.
1929 2987 1997 3024 ΠΒ

219 3046 267 3083 27
283 3048 317 3082 ei
334 3055 409 3083 om.
426 3046 506 3082 ΜΡ
596 3046 644 3083 29
668 3047 730 3083 ille
746 3047 831 3087 ΜΡ,
857 3048 895 3083 in
912 3057 997 3083 eum
1017 3047 1094 3090 ΠΒ,
1119 3058 1181 3083 wo
1198 3049 1302 3084 diese
1319 3047 1456 3084 Glosse
1472 3048 1546 3092 aus
1565 3047 1613 3082 In
1639 3057 1663 3092 q
1674 3057 1697 3082 u
1709 3056 1732 3082 o
1750 3046 1860 3091 (oben
1877 3046 1920 3081 Z.
1934 3045 1993 3088 25)

219 3106 385 3152 bezogen
402 3105 501 3141 wit-d
637 3105 682 3142 31
709 3105 761 3141 Et
785 3107 827 3141 is
850 3126 899 3131 --
922 3105 969 3142 32
993 3107 1151 3152 primum
1176 3109 1275 3142 esset
1299 3116 1372 3143 om.
1394 3105 1462 3143 UB
1602 3105 1650 3142 33
1683 3105 1736 3140 Et
1761 3115 1887 3141 mors
1912 3104 1994 3150 etc]

184 3189 187 3191 >
220 3174 292 3201 om.
310 3164 389 3200 ΜΡ
478 3164 526 3201 33
550 3164 598 3200 In
622 3165 713 3200 hoc
737 3184 784 3190 -
808 3164 856 3200 34
878 3164 1052 3210 labentia]
1078 3174 1149 3201 om.
1167 3164 1246 3200 MF
