2352 3568
381 203 439 249 40
816 224 817 227 η
1146 199 1184 237 Ε.
1204 199 1245 237 Κ.
1264 198 1378 242 Rand.

165 344 325 379 Μῶμε
381 346 480 379 esse
520 334 652 392 patris
692 339 735 379 et
775 334 852 379 filii
892 338 936 379 et
974 332 1151 390 spiritus
1190 330 1329 376 sancti
1371 341 1609 388 personam
1646 362 1658 376 .
1700 329 1833 397 Unde
1869 342 1972 377 cum
2011 331 2169 379 beatus

379 405 653 463 Augustinus
693 404 768 463 (cf.
808 403 881 450 De
919 404 1034 449 Trtn.
1057 403 1105 457 V,
1132 403 1208 456 103
1260 402 1402 446 Tract.
1434 401 1542 446 adv.
1574 402 1773 459 quinque
1808 401 1948 448 Haer.
1976 402 2023 460 9)
2062 414 2167 450 cum

379 477 576 535 quodam
599 477 855 523 sabelliano
886 475 1184 528 contenderet,
1217 472 1395 532 protulit
1428 484 1482 518 ex
1515 473 1752 530 evangelio
1784 471 1859 531 (cf.
1881 472 1974 520 ΙοΙι.
2000 473 2069 529 10,
2089 473 2167 533 30)

378 548 639 593 sententiam
682 548 855 593 dicens:
902 549 1025 604 pater
1061 551 1104 591 et
1143 545 1262 589 filius
1303 556 1440 589 unum
1473 548 1577 589 sunt
1611 578 1622 589 .
1657 543 1740 590 Cui
1781 544 1998 591 hereticus
2037 545 2168 605 quasi

341 637 361 667 ε
380 619 466 665 iam
505 624 637 677 capto
686 624 729 664 et
779 620 866 664 hoc
911 629 1118 663 sermone
1160 615 1376 661 concluso
1427 615 1675 673 respondit:
1723 616 1852 661 audis
1894 615 2004 674 quid
2035 615 2168 673 dicat,

379 704 515 736 unum
557 695 671 744 sunt,
714 690 757 735 id
795 694 861 734 est
902 702 989 734 una
1031 699 1222 746 persona
1256 721 1266 732 .
1302 686 1359 731 At
1398 686 1555 732 beatus
1586 686 1863 745 Augustinus
1902 687 2088 735 irridens
2125 688 2168 735 ei

379 762 503 807 dixit:
546 773 636 805 non
676 760 894 817 intellegis
924 759 1013 804 vim
1047 759 1281 803 verborum
1315 791 1326 803 .
1359 756 1466 803 Non
1490 758 1611 804 enirn
1652 758 1712 804 ait
1743 762 1874 804 ‘unus
1904 758 2020 805 sunt'
2053 771 2169 806 mas-

378 833 536 886 culine,
569 831 648 876 sed
682 830 847 876 ‘unum’
882 830 989 875 dixit
1020 829 1281 883 neutraliter,
1314 829 1359 873 id
1391 833 1459 875 est
1489 841 1578 875 una
1608 829 1868 876 substantia.
1889 842 1934 874 ³⁸
2030 829 2168 878 Con·

377 903 711 948 siderandum
736 914 745 925 ·
770 902 1112 947 immorandum.
1135 914 1178 943 ss
1253 900 1501 958 lnquiunt
1523 912 1533 923 ·
1556 913 1593 947 S.
1615 902 1836 947 catholici.
1857 915 1902 946 ⁸⁸
1971 901 2135 961 Igitur
2155 915 2166 926 ·

326 988 359 1019 ιο
379 974 503 1032 quasi
548 974 728 1027 diceret,
783 985 873 1019 non
918 973 1044 1018 abest
1088 984 1166 1030 per
1209 972 1361 1017 omnia
1415 971 1675 1027 differentia,
1720 973 1824 1031 quia
1868 973 1912 1019 in
1962 975 2168 1032 personis

378 1046 595 1091 differunt.
648 1044 943 1090 lndifferentia
975 1044 1276 1102 compositum
1308 1048 1388 1098 est,
1420 1043 1541 1090 velut
1570 1044 1608 1090 si
1641 1045 1727 1090 dici
1760 1046 1904 1103 possit
1935 1051 2166 1100 amatura.

377 1119 657 1171 inannatura;
704 1117 907 1174 negantis
959 1116 1113 1162 retinet
1166 1128 1348 1162 sensum
1400 1116 1511 1161 hoc·
1537 1116 1640 1162 loco
1690 1117 1780 1163 ‘in'.
1821 1130 1865 1160 ss
2008 1116 2169 1164 ludif-

377 1189 598 1234 ferentia
632 1201 642 1212 ·
678 1189 945 1234 indiscretio.
976 1201 1020 1231 ss
1141 1188 1211 1233 Ex
1242 1188 1604 1234 subiectorum
1640 1201 1650 1211 ·
1687 1195 1733 1234 ut
1766 1189 1923 1235 Cicero
1958 1194 2002 1236 et
2039 1189 2167 1238 Plato

377 1272 562 1305 numero
604 1259 823 1313 differunt,
866 1260 941 1317 qui
983 1271 1075 1304 non
1108 1272 1261 1313 unum,
1303 1259 1383 1304 sed
1416 1259 1509 1304 duo
1550 1264 1653 1304 sunt
1683 1261 1882 1306 subiecta
1913 1260 2102 1309 diversa.
2125 1274 2171 1306 aa

325 1347 359 1376 ιε
379 1331 452 1377 De
484 1343 583 1389 qua
615 1343 665 1376 re
697 1342 707 1354 ·
739 1330 784 1375 id
807 1335 891 1375 est:
925 1343 1017 1387 quo
1041 1330 1181 1375 modo
1213 1342 1305 1375 non
1338 1331 1393 1375 sit
1425 1331 1654 1376 diversitas
1685 1332 1987 1378 subiectorum
2019 1344 2167 1392 neque

377 1403 623 1448 subiectum
658 1403 702 1447 in
734 1402 822 1446 deo
854 1406 897 1447 et
927 1414 1137 1447 numerus
1170 1402 1213 1446 in
1246 1414 1303 1447 eo
1334 1402 1402 1447 sit.
1425 1415 1468 1444 ss

164 1499 302 1532 amm
521 1486 584 1531 IV.
633 1485 1062 1531 Praedicamenta
1095 1498 1105 1508 ·
1138 1486 1400 1543 categoriae.
1424 1497 1467 1527 ss
1586 1484 1882 1532 Traduntur
1910 1498 1923 1511 ·
1953 1499 1990 1533 s.
2021 1499 2049 1533 a
2079 1487 2170 1534 dia·

378 1558 554 1603 lecticis.
577 1571 620 1600 ss
730 1556 991 1603 Omnibus
1023 1569 1032 1580 ·
1067 1557 1294 1614 Quicquid
1327 1562 1393 1602 est
1424 1561 1499 1602 aut
1538 1558 1635 1603 usia
1666 1563 1734 1603 est
1764 1563 1839 1604 aut
1869 1558 2093 1606 accidens.
2125 1576 2169 1606 σε

378 1628 618 1683 Qualitas
651 1640 662 1653 ·
695 1629 827 1674 Aliud
860 1634 926 1674 est
958 1629 1145 1686 qualitas
1177 1633 1220 1674 et
1251 1629 1471 1686 quantitas
1512 1629 1557 1674 in
1591 1629 1693 1684 deo,
1735 1630 1855 1676 aliud
1887 1631 1933 1676 in
1966 1631 2165 1687 homine,

322 1715 359 1744 ω
378 1701 480 1757 quia
513 1701 557 1745 in
590 1701 677 1746 deo
710 1700 973 1745 coniunctae
1005 1705 1047 1745 et
1078 1701 1432 1755 substantialiter,
1466 1701 1509 1745 in
1543 1701 1726 1746 homine
1758 1702 2005 1748 disiunctae
2034 1706 2079 1748 et
2099 1714 2170 1749 ac-

377 1772 648 1817 cidentaliter
678 1772 995 1829 praedicantur.
1018 1784 1061 1814 ss
1152 1772 1492 1817 permiserint
1513 1784 1523 1794 ·
1548 1773 1652 1829 quia
1683 1773 1889 1819 videlicet
1919 1773 2166 1820 accidentia

378 1843 500 1888 aliter
529 1848 631 1888 sunt
663 1843 707 1888 in
738 1843 962 1897 subiectiS,
995 1843 1039 1887 id
1071 1848 1138 1887 est
1169 1843 1427 1888 hominibus
1459 1848 1502 1888 et
1530 1844 1684 1888 ceteris
1717 1845 1936 1900 creaturiS,
1968 1845 2092 1891 aliter
2122 1846 2167 1892 in

378 1914 479 1968 de0,
513 1914 588 1972 qui
621 1926 712 1959 non
745 1920 810 1959 est
841 1914 1103 1968 subiectum,
1137 1915 1241 1972 quia
1273 1915 1485 1972 quicquid
1517 1915 1574 1959 de
1596 1915 1684 1960 deo
1716 1916 1873 1961 dicitur
1901 1921 2044 1962 totum
2065 1917 2170 1963 sub·

377 1986 631 2030 stantialiter
661 1985 828 2030 dicitur.
851 1998 894 2028 ss
1015 1986 1137 2030 Pars
1161 1997 1171 2007 ·
1195 1985 1239 2030 id
1272 1990 1338 2030 est
1370 1985 1479 2039 usia,
1513 1986 1715 2042 qualitas,
1748 1987 1968 2044 quantitas
2000 2021 2012 2034 .
2044 1987 2170 2034 Haec

323 2057 495 2101 2senim
541 2057 831 2102 substantiam
879 2061 1136 2102 monstrant.
1171 2070 1214 2099 ss
1350 2057 1538 2102 Eorum
1574 2069 1585 2080 ·
1621 2058 2095 2115 praedicamentorum.
2126 2073 2171 2105 aa

379 2126 560 2176 Rerum
583 2138 593 2150 ·
618 2128 662 2172 id
694 2132 760 2173 est
792 2133 1095 2182 creaturarum,
1130 2141 1244 2186 quae
1277 2141 1369 2173 non
1401 2133 1505 2173 sunt
1535 2129 1660 2174 deus.
1683 2142 1726 2172 ss
1825 2130 2135 2178 Substantia
2157 2144 2168 2156 ·

379 2198 422 2243 id
455 2203 521 2244 est
542 2199 598 2244 de
620 2200 864 2244 substantia
897 2199 1183 2258 praedicatur.
1209 2213 1252 2242 ss
1314 2200 1365 2244 ln
1399 2200 1751 2245 accidentium
1775 2213 1786 2225 ·
1810 2202 1934 2259 quod
1966 2202 2012 2248 in
2037 2204 2171 2250 rebus

378 2274 445 2314 est
476 2270 642 2316 creatis.
665 2284 708 2313 ss
790 2271 931 2316 Haec
949 2283 959 2294 ·
986 2284 1021 2316 S.
1046 2271 1415 2328 praedicamenta.
1437 2284 1481 2314 ss
1542 2271 1659 2317 Non
1691 2277 1897 2331 potest·
1919 2286 1958 2320 s.
1979 2274 2037 2320 de
2067 2275 2172 2322 sub-

378 2341 535 2386 stantia
566 2342 637 2386 dei
660 2376 671 2387 .
694 2342 819 2387 Vere
850 2342 1146 2388 substantia
1169 2354 1180 2367 ·
1203 2342 1458 2388 Substantia
1480 2343 1536 2388 de
1569 2343 1752 2389 homine
1781 2345 2056 2403 praedicatur
2074 2357 2168 2392 non

323 2412 436 2457 ande
468 2412 556 2458 deo
588 2447 598 2458 .
631 2413 750 2458 quta
782 2413 1053 2459 Graecorum
1096 2414 1408 2459 diffinitionem
1447 2414 1608 2460 diffinit
1648 2417 1939 2462 substantiam
1980 2417 2026 2463 in
2066 2417 2170 2472 dee,

379 2483 455 2540 qui
486 2487 561 2529 aut
604 2485 814 2542 negando
855 2486 1067 2543 quicquid
1100 2486 1156 2531 de
1189 2486 1276 2531 deo
1309 2486 1461 2531 dicunt
1492 2486 1717 2532 diffiniunt
1756 2493 1831 2533 aut
1867 2500 1968 2535 cum
2001 2488 2169 2536 addita-

379 2559 531 2600 mento
554 2590 564 2600 .
589 2566 724 2602 ΥΠΕΡ
751 2568 761 2578 ·
786 2556 829 2601 id
852 2559 919 2601 est
940 2569 1075 2614 super
1097 2591 1106 2602 .
1131 2556 1294 2602 Dicunt
1316 2557 1449 2610 enim,
1483 2558 1588 2615 quia
1609 2570 1701 2603 non
1724 2563 1804 2613 est,
1832 2559 1913 2605 sed
1939 2571 2076 2618 super
2093 2564 2162 2606 est

380 2637 526 2683 neque
559 2638 750 2684 magnus
791 2632 870 2682 est,
918 2628 998 2672 sed
1047 2639 1441 2677 γπερΜεε-ΑΛΟΣ.
1487 2641 1634 2687 neque
1675 2630 1838 2684 bonus,
1889 2630 1970 2676 sed
2013 2641 2170 2678 Υπερ-

382 2703 600 2746 ΑΓΑθοε.
641 2709 787 2755 neque
819 2698 1077 2754 substantia,
1118 2701 1198 2745 sed
1244 2710 1380 2747 ΥΠΕΡ
1429 2695 1598 2748 †c⁸oc.
1621 2715 1664 2744 ss
1845 2701 1991 2748 Ultra
2048 2702 2170 2748 sub-

323 2768 627 2813 astantiam
661 2779 671 2791 ·
705 2769 749 2814 id
780 2774 846 2814 est
879 2778 1216 2818 vneporcnoc
1252 2778 1318 2817 est
1349 2773 1474 2819 deus.
1497 2786 1540 2817 ss
1630 2773 1876 2828 Qualitas
1907 2773 1953 2819 in
1983 2775 2169 2820 nomine

378 2839 650 2886 substantiae
681 2852 773 2886 non
805 2845 872 2886 est
902 2841 959 2887 ad
990 2842 1157 2900 aliquid
1190 2849 1233 2888 et
1273 2844 1377 2890 ideo
1409 2845 1530 2891 nulla
1561 2845 1727 2898 relati0,
1769 2845 1889 2891 nulla
1929 2845 2168 2909 plumlim,

521 2947 545 2984 4
570 2947 656 2984 sunt
672 2946 819 2989 BTMF.
845 2958 927 2986 sum
948 2947 983 2986 C
1051 2950 1075 2986 4
1092 2951 1197 2996 quasi
1212 2970 1258 2976 —-
1272 2950 1295 2987 6
1313 2950 1350 2987 id
1370 2953 1427 2988 est
1444 2961 1517 2989 om.
1534 2950 1565 2988 C
1642 2951 1686 2988 10
1702 2952 1808 2989 abest
1827 2950 1902 2995 CB.
1929 2952 1987 2989 est
2004 2950 2175 2990 TMEFP

383 3004 427 3042 12
452 3003 490 3042 ln
515 3015 605 3055 ergo
630 3008 799 3055 negantis
826 3007 964 3045 TMFP
1077 3010 1149 3046 hoc
1175 3011 1211 3046 ln
1238 3010 1322 3047 loco
1348 3010 1381 3047 Β
1501 3011 1551 3057 inl
1578 3021 1653 3048 non
1680 3009 1723 3052 C.
1759 3012 1796 3048 id
1822 3016 1877 3049 est
1902 3021 1978 3049 non
2004 3010 2175 3049 ΤΜΕΡΡ

384 3062 428 3101 13
444 3062 510 3112 Ex}
536 3064 616 3119 Hoc
642 3064 676 3104 C
819 3066 862 3105 18
886 3071 948 3105 aut
972 3068 1058 3113 ΙΙΙΙΙΙΙ
1082 3078 1127 3105 au
1152 3069 1325 3106 accidens
1353 3068 1387 3107 C
1526 3070 1574 3108 20
1598 3070 1817 3117 disiunctae}
1843 3071 2038 3109 distinctae
2062 3069 2111 3118 0)
2137 3068 2172 3109 C

381 3122 429 3160 26
453 3123 492 3160 id
516 3124 573 3161 est
598 3134 716 3162 rerum
742 3130 982 3164 creaturarum
1011 3125 1045 3165 C
