2352 3568
351 255 409 301 52
1132 250 1170 287 Ε.
1189 250 1231 288 Κ.
1250 250 1364 293 Rand,

121 397 280 432 amau
352 386 555 432 caelestia
586 390 743 430 cuncta
774 389 818 430 et
849 383 1031 429 nomine
1062 386 1198 428 terrae
1230 387 1399 427 terrena
1430 380 1583 426 omnia
1614 379 1828 438 scriptura
1857 378 2140 437 significavit,

350 469 465 516 quae
497 456 700 515 quamvis
733 457 789 501 ita
821 455 1082 513 generaliter
1112 453 1425 511 praemisisset,
1457 450 1707 509 specialiter
1736 455 1887 496 tamen
1919 449 2141 496 narrando

350 534 506 574 cuncta
544 528 823 586 prosequitur
860 562 870 572 .
909 527 969 571 ‘ln
1003 524 1234 584 principio·
1268 527 1415 570 autem
1458 523 1546 568 hoc
1586 527 1653 568 est
1692 522 1737 567 in
1778 521 1888 576 filio,
1928 520 2000 567 vel
2039 524 2142 567 ante

351 600 505 646 mundi
537 600 910 645 constitutionem.
933 614 975 642 ss
1054 597 1214 642 Esse·
1239 596 1283 640 id
1315 599 1382 641 est
1413 594 1619 640 essentia.
1641 610 1684 639 οε
1771 593 1928 648 Quod
1959 596 2071 638 est·
2094 591 2143 638 id

314 683 333 712 s
352 676 418 716 est
449 671 571 728 quod
605 671 691 715 iarn
724 674 905 727 apparet
927 703 937 714 .
961 668 1065 713 Non
1099 672 1165 712 est
1197 667 1304 712 illud
1337 678 1450 719 esse,
1483 665 1608 724 quod
1640 677 1742 711 vere
1770 668 1851 719 est,
1882 664 1965 710 sed
1995 662 2144 710 adhuc

352 742 395 787 in
438 747 583 787 mente
616 741 686 786 dei
719 741 822 785 latet
852 745 895 785 et
927 739 1127 784 nondum
1160 743 1227 783 est
1258 742 1465 791 creatum,
1506 737 1587 783 sed
1621 736 1743 790 illud,
1784 735 1909 794 quod
1943 735 2032 781 iam
2064 745 2145 793 per

351 814 616 858 creationem
651 813 694 857 in
726 824 890 869 genera
922 823 973 856 ac
1005 810 1180 868 species
1213 810 1388 868 prodiit.
1410 825 1453 854 aa
1573 807 1819 854 Nondum
1851 812 1963 853 est·
1998 806 2045 853 id
2076 810 2144 853 est

352 884 552 929 nondum
586 888 766 941 apparet
798 883 841 927 in
873 894 1037 940 genera
1069 894 1121 927 ac
1153 882 1341 939 species,
1383 893 1419 927 s.
1452 881 1599 926 donec
1629 880 1817 938 accipiet
1854 878 2044 924 formam
2075 889 2144 924 es·

351 955 477 1000 sendi
502 990 511 1000 .
537 954 709 1000 Omnes
731 954 849 999 enim
873 966 942 999 res
970 965 1280 1011 quaecumque
1301 957 1417 1007 sunt,
1450 957 1552 998 ante
1573 952 1827 1004 essentiam,
1860 950 1904 996 id
1926 954 1995 996 at
2024 951 2144 996 ante·

285 1043 321 1071 10
353 1039 486 1083 quam
519 1027 563 1070 in
596 1026 783 1071 formam
806 1025 986 1071 essendi
1008 1025 1200 1079 veniant,
1234 1025 1346 1070 deus
1376 1028 1480 1069 sunt
1510 1028 1554 1069 et
1583 1023 1801 1081 sapientia
1833 1026 1937 1068 sunt
1966 1022 2012 1068 in
2044 1033 2145 1080 pro-

352 1099 543 1143 videntia
575 1102 618 1143 et
649 1098 945 1156 dispositione
977 1098 1087 1151 eius,
1120 1097 1224 1155 quia
1257 1097 1300 1142 in
1333 1096 1422 1142 deo
1454 1095 1562 1141 nihil
1594 1095 1714 1141 aliud
1747 1097 1895 1153 potest
1926 1105 2027 1139 esse
2058 1092 2144 1139 nisi

353 1170 476 1214 deus.
500 1186 541 1214 ss
603 1168 864 1214 Consistit
887 1181 897 1191 ·
919 1181 955 1214 s.
980 1180 1059 1227 per
1089 1168 1372 1214 creationem.
1394 1183 1437 1213 aa

122 1250 281 1284 ΝΜ*
495 1252 560 1297 111.
593 1251 749 1307 Quod
782 1256 894 1297 est·
919 1252 962 1296 id
995 1254 1062 1296 est
1093 1252 1217 1309 quod
1250 1252 1383 1296 habet
1414 1251 1603 1296 formam
1636 1249 1815 1295 essendi
1838 1253 1882 1293 et
1913 1247 2039 1306 quod
2069 1260 2147 1307 ap—

353 1328 475 1381 paret
506 1324 592 1368 iam
626 1324 669 1368 in
701 1327 902 1381 tempore
934 1358 944 1368 .
977 1323 1297 1381 Participare
1329 1323 1511 1380 aliquo
1543 1326 1720 1380 potest
1755 1333 1764 1344 ·
1801 1321 1905 1378 quia
1939 1319 2147 1367 videlicet

302 1409 335 1439 rs
354 1408 446 1441 non
477 1396 624 1440 solum
664 1396 796 1441 habet
826 1408 927 1441 esse
958 1408 983 1440 a
1015 1396 1275 1449 substantia,
1320 1396 1399 1440 sed
1432 1395 1563 1440 etiam
1605 1394 1663 1439 ab
1695 1393 1913 1439 accidenti
1945 1427 1957 1438 .
1989 1391 2145 1438 Homo

353 1468 471 1512 enim
495 1471 560 1512 est
582 1472 624 1512 et
645 1467 778 1512 habet
799 1468 1101 1525 quantitatem,
1134 1472 1181 1512 ut
1203 1480 1407 1524 magnus,
1441 1471 1483 1511 et
1505 1466 1775 1524 qualitatem,
1808 1467 1855 1510 ut
1885 1464 2034 1510 albus:
2080 1463 2148 1509 sic

354 1542 396 1583 et
417 1539 583 1596 reliqua
604 1539 861 1584 accidentia.
884 1555 926 1584 sa
986 1538 1181 1596 Aliquo
1204 1551 1214 1562 ·
1238 1539 1468 1583 accidenti.
1490 1554 1533 1583 ⁸⁸
1594 1537 1696 1583 Sed
1730 1537 1901 1595 ipsum
1933 1546 2054 1582 esse
2074 1545 2087 1559 ·
2108 1546 2145 1581 s.

354 1610 439 1655 dei.
462 1626 504 1655 ss
623 1609 785 1655 Nullo
817 1610 976 1655 modo
1009 1610 1190 1667 aliquo
1223 1610 1544 1667 participat·
1574 1609 1679 1667 quia
1710 1609 1814 1654 fons
1845 1612 1889 1653 et
1919 1607 2050 1665 origo
2079 1608 2150 1652 est

355 1681 556 1726 omniurn
589 1693 730 1726 rerum
764 1685 810 1726 ut
841 1682 941 1735 sint,
974 1682 1049 1740 qui
1082 1682 1291 1727 accidens
1322 1693 1414 1726 non
1448 1681 1613 1739 recipit.
1635 1697 1679 1726 ⁸⁸
1769 1678 2147 1737 Participatio·

300 1765 337 1794 20
355 1765 390 1797 s,
413 1753 720 1798 accidentium.
742 1769 785 1799 ss
851 1753 951 1798 lam
985 1755 1097 1798 est·
1121 1754 1166 1798 in
1198 1753 1340 1798 forma
1371 1753 1565 1806 essendi,
1598 1752 1643 1797 id
1671 1754 1761 1797 est:
1794 1751 1920 1809 quod
1951 1750 2041 1796 iam
2071 1761 2148 1808 ap-

355 1827 477 1881 paret
508 1824 551 1868 in
584 1836 747 1881 genere
769 1836 821 1869 ac
842 1825 1007 1881 specie.
1030 1839 1072 1870 ss
1134 1823 1261 1869 Cum
1294 1835 1414 1869 esse
1445 1823 1777 1881 susceperit·
1800 1835 1837 1868 s.
1860 1822 1918 1868 ab
1940 1821 2019 1868 illo
2038 1833 2147 1867 vero

356 1907 456 1940 esse
487 1907 566 1952 per
597 1895 879 1940 creationem.
902 1912 944 1940 ss

124 1986 157 2016 Ρ.
174 1985 285 2021 1⁶⁹.ae
500 1977 564 2022 1v.
613 1978 817 2023 Habere
849 1978 1051 2036 aliquid
1086 1990 1096 2001 ·
1129 1979 1173 2023 id
1196 1983 1263 2023 est
1291 1983 1474 2036 partem,
1507 1978 1611 2035 quia
1644 1990 1736 2023 non
1768 1982 1836 2023 est
1866 1976 2071 2035 simplex,
2103 1976 2148 2022 id

356 2052 424 2094 est
454 2049 675 2103 accidenS,
708 2050 960 2095 albedinem
993 2050 1063 2095 vel
1096 2049 1374 2106 nigredinem
1407 2054 1450 2094 et
1481 2054 1638 2095 cetera.
1660 2065 1702 2094 ss
1791 2048 1937 2094 Nihil
1969 2047 2113 2094 aliud
2136 2059 2147 2071 ·

302 2132 339 2162 as
357 2120 461 2177 quia
492 2120 681 2178 simplex
713 2126 792 2166 est.
815 2133 858 2163 ss

125 2199 286 2234 ¹²·¹⁰·³⁸
499 2203 547 2248 V.
580 2202 794 2261 Aliquid
818 2215 828 2227 ·
852 2204 895 2249 id
919 2208 985 2249 est
1011 2204 1271 2249 substantia.
1293 2220 1335 2249 ss
1397 2203 1554 2249 Esse·
1572 2204 1617 2248 id
1649 2208 1717 2249 est
1737 2203 1960 2248 accidens.
1981 2218 2025 2249 aa
2073 2201 2150 2248 Εο

358 2274 499 2331 quod
522 2286 532 2296 ·
555 2274 600 2319 in
632 2275 891 2320 substantia.
914 2292 956 2321 ss
1029 2275 1143 2320 lllic
1166 2287 1176 2298 ·
1201 2275 1245 2320 id
1277 2280 1344 2320 est
1376 2276 1420 2320 in
1452 2287 1509 2321 eo
1542 2275 1666 2333 quod
1699 2279 1766 2320 est
1796 2274 1984 2332 aliquid:
2028 2285 2151 2333 prae·

359 2349 535 2403 postere
567 2346 763 2403 exponit.
786 2363 828 2392 ss
889 2346 1199 2392 Substantia
1222 2358 1232 2370 ·
1256 2359 1357 2392 cum
1392 2347 1495 2392 dico
1527 2346 1694 2405 aliquid
1728 2358 1841 2392 esse.
1864 2362 1907 2391 ss

126 2437 288 2472 ¹²³oe.oe
501 2429 572 2474 Vl.
606 2430 894 2488 Participat
916 2443 925 2454 ·
950 2430 1101 2477 Omne
1122 2430 1335 2488 quicquid
1368 2442 1468 2475 esse
1490 2430 1648 2476 dicitur
1678 2430 1909 2488 participat
1940 2429 2000 2475 ini
2020 2439 2152 2475 verae

304 2500 577 2545 messentiae
609 2505 656 2546 ut
686 2502 754 2547 sit.
818 2502 948 2547 Esse
979 2514 989 2524 ·
1021 2502 1237 2547 subaudis
1269 2502 1511 2560 participat.
1533 2518 1576 2547 ss
1696 2500 1816 2547 Alio
1849 2513 1859 2524 ·
1893 2501 1937 2546 id
1978 2505 2047 2546 est
2082 2511 2153 2547 ac·

359 2570 535 2616 cidenti.
557 2587 599 2617 aa
679 2571 893 2630 Aliquid
917 2585 927 2596 ·
950 2573 1115 2630 longus
1147 2578 1222 2618 aut
1252 2573 1394 2618 albuS.
1417 2589 1459 2618 ss
1544 2572 1701 2627 Quod
1734 2577 1845 2617 est·
1874 2572 1920 2617 id
1951 2575 2020 2617 est
2049 2570 2153 2617 sub-

359 2641 531 2687 stantia.
552 2657 595 2686 aa
715 2642 781 2689 Ut
805 2644 872 2688 sit
895 2655 904 2666 ·
928 2657 963 2689 s.
986 2656 1153 2690 verum.
1175 2660 1217 2689 ⁸⁸
1338 2644 1429 2689 Est
1450 2657 1460 2667 ·
1485 2643 1605 2698 Quia
1634 2656 1726 2688 non
1757 2647 1906 2701 potest
1933 2654 2034 2688 esse
2065 2641 2152 2687 nisi

360 2712 521 2757 habeat
551 2713 772 2768 accidens,
811 2714 915 2759 ideo
948 2715 1101 2773 recipit
1132 2715 1318 2760 formam
1354 2719 1400 2759 ut
1432 2715 1574 2772 possit
1606 2714 1850 2760 accidentia
1882 2713 2153 2772 reciperen

128 2803 290 2839 nmo
501 2794 586 2841 Vll.
634 2795 802 2843 Omne
843 2797 1069 2855 simplex
1099 2809 1109 2820 ·
1141 2797 1254 2842 sicut
1295 2809 1394 2842 esse
1432 2797 1503 2842 dei
1543 2798 1666 2855 quod
1698 2809 1800 2842 vere
1841 2808 2018 2843 summe
2048 2801 2152 2843 est.

306 2864 468 2912 asNon
508 2866 627 2912 enim
669 2867 802 2913 habet
844 2868 963 2913 aliud
1008 2868 1233 2926 exemplar
1275 2869 1331 2913 ad
1376 2869 1503 2914 cuius
1546 2868 1880 2913 similitudinem
1924 2868 1995 2922 sit,
2039 2867 2155 2915 sicut

503 2997 528 3035 5
552 2997 637 3035 Non
671 3002 727 3036 est
755 3019 798 3027 -
824 2998 846 3035 7
872 2999 1021 3047 prodiit}
1055 3001 1159 3037 seem
1190 3000 1228 3037 in
1257 2998 1291 3037 C
1318 2999 1505 3045 salsdrlidr
1538 3009 1612 3036 vor
1645 3000 1715 3036 der
1739 2998 1879 3037 Glosse
1912 2998 2152 3036 Diversum

362 3054 416 3103 (S.
434 3055 478 3095 51
506 3056 630 3105 222)
724 3057 749 3096 6
773 3062 809 3096 et
834 3059 924 3096 mud
949 3060 1057 3097 codd.
1158 3059 1201 3096 18
1226 3059 1361 3096 Nullo
1386 3058 1468 3105 eta}
1500 3059 1551 3096 r'st
1575 3059 1613 3095 tn
1642 3057 1676 3095 C
1699 3058 1738 3095 in
1763 3058 1862 3095 mei
1885 3057 2050 3096 Glossen
2072 3066 2154 3095 ue*-

361 3116 441 3164 leg!
562 3116 611 3155 20
634 3117 673 3155 ld
697 3121 753 3155 est
778 3137 824 3145 -
849 3118 891 3155 21
921 3118 1060 3166 specle!
1085 3120 1189 3156 stem
1212 3118 1251 3155 in
1280 3117 1313 3156 C
1335 3128 1409 3156 vor
1437 3118 1625 3165 Aliquid
1650 3122 1717 3155 etc.
1745 3118 1802 3164 (Z.
1820 3118 1882 3163 26)
1995 3116 2043 3156 23
2065 3116 2154 3155 hein

363 3173 1234 3216 &minentemmatnctstanud
1330 3178 1489 3215 29keln
1516 3177 1667 3215 Lemnm
1691 3176 1793 3214 inC
