2352 3568
405 269 464 314 50
1173 260 1404 303 rinnand.

196 414 302 446 21⁸0.
319 413 351 442 ιο
406 399 541 445 totius
571 402 750 444 naturae
771 396 1004 454 significat,
1037 406 1128 439 non
1148 396 1296 438 tamen
1318 394 1385 436 est
1415 390 1583 448 aliquid
1605 389 1852 436 secundum
1875 390 2167 439 substantiam
2181 426 2193 438 .

407 471 453 516 ln
492 470 756 516 diffinitione
796 480 903 525 ergo
945 471 1122 511 naturae
1162 465 1360 509 additum
1402 465 1469 508 est
1509 465 1640 520 ‘quae
1671 474 1772 508 cum
1805 461 1921 518 sint’,
1961 462 2067 522 quia
2105 464 2196 510 hoc

407 554 572 588 nomen
596 541 717 599 quod
740 543 806 585 est
838 537 973 583 ‘nihil'
997 536 1220 595 quendam
1244 534 1377 580 habet
1398 533 1682 588 intellectum,
1714 533 1881 579 scilicet
1907 534 2194 592 negationem

407 614 555 659 omnis
586 612 856 657 substantiae
879 644 889 655 .
913 608 1001 655 Sed
1036 610 1179 666 ipsum
1214 619 1293 665 per
1322 618 1371 651 se
1393 608 1436 652 et
1467 606 1524 651 de
1543 617 1593 651 se
1614 605 1958 652 substantialiter
1986 606 2075 653 dici
2100 617 2195 653 uon

370 707 389 736 ⁶
408 689 567 743 potest,
601 684 703 741 quia
735 694 826 727 non
849 685 915 726 est
946 679 1204 731 substantia,
1237 681 1278 723 et
1310 678 1423 723 sicut
1462 677 1670 723 tenebrae
1700 678 1948 724 absentiam
1980 677 2107 733 lucis,
2137 677 2196 724 si-

408 756 588 802 lentium
622 754 866 800 absentiam
900 753 1024 797 vocis
1056 751 1290 808 significat,
1324 750 1382 795 ita
1414 749 1551 795 ‘nihil'
1585 761 1768 808 quoque
1790 750 2038 796 absentiam
2058 749 2196 797 totius

407 827 678 872 substantiae
709 825 926 881 designat.
949 840 991 867 33
1104 821 1205 867 Sed
1238 834 1342 867 non
1375 824 1610 867 naturam
1634 834 1644 844 ·
1668 822 1773 879 quia
1803 834 1897 868 non
1929 822 2064 868 habet
2092 821 2197 869 sub-

408 899 625 943 stantiam.
647 914 689 941 33
764 896 882 941 Est·
906 896 951 940 in
983 894 1241 939 substantia.
1263 910 1306 938 33
1376 893 1571 939 Natura
1603 896 1713 939 est·
1737 893 1783 939 ln
1816 894 1900 939 hac
1930 893 2198 940 diffinitione

408 981 498 1014 non
532 968 967 1026 comprehenduntur
987 967 1073 1011 iam
1097 965 1355 1011 accidentia.
1377 982 1420 1011 33
1485 964 1655 1023 Atque
1678 977 1688 989 ·
1712 965 1848 1019 Bene,
1881 978 1982 1011 cum
2014 965 2199 1012 dixisset

357 1061 390 1090 10
409 1039 598 1092 ‘anima’,
629 1039 799 1084 addidit
820 1037 1181 1096 ‘corporeorum’,
1214 1037 1427 1094 quoniam
1451 1036 1622 1082 interim
1644 1036 1750 1082 dum
1774 1037 1922 1082 anima
1942 1037 1988 1083 in
2010 1048 2198 1096 corpore

408 1115 473 1157 est
514 1123 592 1169 per
631 1111 777 1168 ipsum
819 1110 911 1167 agit
947 1112 990 1155 et
1030 1121 1109 1167 per
1149 1110 1296 1167 ipsum
1338 1109 1524 1167 patitur3·
1563 1112 1607 1155 at
1636 1120 1743 1155 vero
1775 1121 1800 1154 a
1832 1120 2020 1167 corpore
2050 1109 2198 1156 soluta

408 1194 486 1241 per
516 1182 663 1228 solum
697 1182 965 1227 intellectum
998 1184 1121 1226 actus
1153 1181 1250 1227 eius
1280 1181 1350 1227 vel
1384 1181 1536 1239 passio
1568 1181 1661 1227 fieri
1693 1181 1863 1226 dicitur.
1884 1196 1928 1225 33
1997 1179 2202 1240 Corpo-

408 1266 609 1299 reorum
634 1265 644 1276 ·
669 1254 772 1311 quia
804 1264 967 1310 corpus
999 1255 1205 1310 operatur
1235 1252 1397 1298 anima.
1419 1269 1462 1297 33
1544 1252 1686 1298 Haec
1708 1264 1718 1275 ·
1742 1264 1777 1297 S.
1801 1252 1963 1298 anima.
1988 1267 2032 1298 33
2112 1251 2203 1299 Pa·

409 1337 524 1370 cere
547 1336 557 1348 ·
581 1325 684 1382 quia
716 1325 826 1381 regit
847 1327 890 1369 et
909 1324 1127 1381 gubernat
1148 1324 1314 1369 omnia.
1336 1340 1378 1369 33
1438 1324 1580 1369 Deus
1602 1336 1612 1347 ·
1635 1336 1671 1369 s.
1695 1326 1856 1382 potest.
1877 1339 1920 1369 33
1980 1322 2199 1370 Divina·

358 1415 391 1444 ι3
409 1397 597 1453 angelici
629 1397 819 1454 spiritus,
842 1413 884 1441 33
956 1396 1313 1441 substantiis·
1338 1407 1430 1440 non
1462 1396 1594 1440 etiam
1627 1395 1945 1441 accidentibus.
1967 1410 2011 1441 33
2081 1393 2201 1451 Qua

410 1469 457 1512 in
499 1480 563 1512 re·
600 1479 635 1512 a.
675 1468 778 1525 quia
809 1468 940 1512 etiam
983 1468 1132 1512 habita
1164 1471 1231 1512 est
1262 1467 1469 1512 diffinitio
1502 1471 1695 1521 naturae,
1738 1479 1854 1525 quae
1883 1469 2055 1513 tantum
2095 1466 2200 1514 sub-

408 1541 577 1585 stantiis
609 1539 865 1597 applicatur.
888 1556 930 1583 33
997 1538 1199 1583 Nomen
1224 1550 1233 1561 ·
1258 1537 1303 1583 Si
1337 1551 1474 1583 unum
1508 1542 1574 1583 est
1605 1541 1757 1584 natura
1788 1541 1832 1584 et
1861 1538 2123 1593 substantia,
2153 1537 2201 1584 in

408 1611 672 1656 diffinitione
704 1613 883 1655 naturae
915 1610 1206 1655 diffinivimus
1237 1610 1368 1655 etiam
1394 1610 1701 1665 substantiam,
1733 1622 1849 1668 quae
1880 1612 2030 1669 potest
2057 1610 2202 1656 faoeoe

409 1686 451 1727 et
483 1682 585 1740 pati.
608 1699 650 1726 33
747 1681 1138 1739 Descripsimus
1161 1694 1170 1704 ·
1195 1681 1484 1726 diffinivimus
1520 1716 1530 1727 .
1563 1681 1676 1727 Inter
1706 1681 2019 1728 diffinitionem
2050 1683 2095 1728 et
2124 1681 2200 1727 de-

356 1754 692 1811 noscriptionem
727 1754 813 1798 hoc
845 1753 1001 1805 differt,
1035 1753 1158 1810 quod
1192 1753 1398 1798 diffinitio
1434 1754 1698 1810 generaliter
1726 1753 1789 1807 fit,
1822 1753 2062 1811 desoeiptio
2093 1764 2200 1800 vero

411 1824 733 1883 particulariter.
756 1841 797 1869 33
864 1823 1202 1869 Contrahitur
1223 1836 1233 1847 ·
1256 1827 1473 1869 coartatur
1502 1827 1546 1869 et
1576 1825 1867 1870 adbreviatur.
1889 1841 1932 1870 33
1999 1823 2202 1871 Aristo·

410 1896 542 1941 teles
565 1907 574 1917 ·
599 1896 681 1952 qui>
697 1895 911 1952 phisicam
935 1898 1127 1940 sectatus
1153 1900 1219 1940 est
1241 1930 1251 1940 .
1275 1895 1532 1940 Aristoteles
1559 1895 1815 1941 Platonicus
1835 1897 1928 1942 fuit.
1949 1912 1993 1941 33
2053 1895 2203 1942 Eius·

411 1967 524 2012 dem
549 1979 559 1989 ·
584 1966 626 2011 id
659 1969 725 2011 est
757 1967 968 2024 phisicae.
991 1983 1032 2011 33
1154 1966 1569 2024 philosophicae
1601 1979 1611 1991 ·
1645 1968 1732 2013 hoc
1763 1971 1830 2013 est
1861 1967 2032 2014 ethicae
2062 1970 2107 2014 et
2137 1968 2202 2014 lo·

409 2038 551 2095 gicae.
573 2055 615 2082 33
667 2038 761 2083 Per
792 2050 846 2082 se
869 2050 879 2060 ·
902 2038 1148 2083 secundum
1181 2050 1245 2083 se.
1269 2055 1311 2082 33
1372 2037 1489 2083 Non
1523 2051 1613 2096 per
1643 2039 1894 2084 accidens
1916 2051 1926 2062 ·
1949 2039 1995 2085 id
2026 2042 2094 2085 est
2124 2051 2204 2099 per
2344 2071 2352 2083 ,-

357 2125 392 2155 2⁵
411 2109 622 2166 speciem,
665 2121 743 2166 per
773 2109 960 2154 formam
994 2122 1127 2166 quam
1160 2110 1331 2167 accepit
1362 2110 1419 2155 ab
1451 2110 1629 2156 artifice.
1651 2127 1693 2155 33
1815 2110 2056 2157 Pondere
2082 2123 2094 2135 ·
2129 2111 2203 2157 hic
2338 2085 2352 2183 J}

411 2183 478 2225 est
509 2183 657 2226 motus
689 2181 935 2226 secundum
968 2192 1030 2226 se.
1053 2198 1095 2225 33
1186 2181 1477 2227 Deducitur
1502 2194 1512 2204 ·
1536 2182 1580 2227 id
1613 2185 1680 2227 est
1710 2182 1920 2228 deorsum
1953 2182 2139 2229 ducitur.
2159 2198 2204 2229 aa
2346 2195 2352 2197 ·

411 2252 597 2297 Lectus
629 2255 707 2297 est
739 2264 860 2309 ··per
890 2252 1110 2298 accidens,
1133 2269 1175 2298 33
1273 2252 1429 2298 Terra
1452 2265 1463 2277 ·
1486 2254 1531 2299 id
1563 2257 1630 2299 est
1661 2254 1847 2312 lignum,
1890 2254 1933 2300 id
1966 2256 2035 2300 est
2062 2257 2203 2301 terrae

411 2324 614 2369 materies
637 2358 647 2369 .
671 2323 724 2368 Et
756 2324 859 2369 ideo
891 2327 1035 2369 servat
1066 2325 1330 2383 principium
1363 2325 1431 2370 sui
1465 2328 1628 2371 motus.
1651 2342 1693 2370 33
1812 2325 2001 2372 Terrae
2024 2337 2035 2349 ·
2057 2325 2104 2372 id
2133 2328 2203 2372 at

411 2394 550 2451 ligno.
573 2411 614 2439 33
686 2394 960 2452 Contigit·
984 2408 1062 2453 per
1093 2396 1315 2442 accidens
1338 2413 1380 2441 33
1450 2396 1514 2442 Ut
1546 2397 1715 2442 lectus
1746 2403 1920 2443 esset·
1944 2400 1991 2444 ut
2022 2397 2204 2444 haberet

357 2466 607 2523 anspeciem
641 2466 754 2511 lecti.
776 2484 818 2511 33
929 2466 994 2512 Ut
1025 2467 1223 2525 lignum
1248 2480 1257 2491 ·
1282 2467 1448 2513 Natura
1480 2471 1547 2513 est
1578 2469 1622 2513 in
1655 2481 1712 2514 eo
1744 2469 1867 2526 quod
1901 2469 2073 2527 lignum
2104 2470 2201 2515 est.

412 2536 568 2583 Lectus
599 2540 666 2583 est
709 2549 787 2595 per
822 2538 1031 2583 accidens
1070 2573 1080 2583 .
1116 2538 1320 2584 Formam
1353 2540 1471 2584 enim
1505 2539 1604 2585 lecti
1646 2540 1703 2585 ab
1734 2540 1899 2585 artifice
1930 2540 2201 2586 extrinsecum
2340 2501 2352 2605 ξ

412 2608 614 2665 sumpsit,
659 2620 751 2653 non
793 2611 942 2654 tamen
988 2609 1096 2666 ligni
1140 2613 1337 2655 naturam
1383 2611 1528 2655 amisit
1563 2645 1572 2656 .
1609 2610 1729 2668 Ergo
1773 2611 1912 2656 lectus
1955 2610 2198 2657 naturalem
2339 2610 2352 2719 ³

412 2681 582 2724 motum
606 2679 739 2725 habet
759 2680 983 2733 deorsum,
1016 2693 1149 2738 quem
1182 2682 1314 2727 etiam
1337 2694 1438 2727 cum
1461 2688 1578 2727 esset
1609 2683 1741 2728 arbor
1771 2683 1976 2737 habebat,
2007 2682 2196 2729 tonnam

411 2761 518 2795 vero
558 2750 803 2796 secundum
845 2751 1022 2796 artificis
1062 2753 1247 2798 libitum.
1269 2768 1311 2797 33
1432 2752 1772 2810 significatio
1804 2766 1815 2777 ·
1847 2765 1882 2799 s.
1914 2754 2135 2812 specialis.
2155 2770 2200 2800 33

356 2819 658 2866 asNaturam
701 2821 810 2867 auri
854 2825 1009 2879 atque
1053 2824 1256 2880 argenti
1292 2835 1302 2847 ·
1338 2836 1416 2881 per
1446 2824 1700 2882 qualitatem
1733 2826 1803 2871 vel
1835 2826 2034 2883 speciem
2058 2860 2069 2871 .
2091 2825 2197 2872 Auri

411 2894 455 2937 et
485 2892 654 2951 argenti
686 2896 883 2938 naturam
916 2893 1134 2940 diversam
1168 2906 1267 2940 esse
1299 2895 1502 2949 dicimus,
1535 2908 1635 2941 cum
1668 2899 1816 2942 tamen
1845 2909 1933 2943 una
1954 2897 2023 2951 sit,
2056 2897 2102 2943 id
2132 2900 2201 2944 at

414 2977 514 2984 —-.-

554 3009 578 3048 8
594 3009 674 3048 Est
688 3020 697 3030 ·
712 3012 748 3048 ln
766 3011 970 3049 substantia
987 3032 1034 3039 —
1050 3012 1098 3050 26
1114 3013 1317 3050 secundum
1336 3023 1378 3051 se
1395 3024 1468 3051 om.
1486 3014 1630 3051 MEFP
1684 3015 1728 3052 to
1744 3016 1908 3053 subdidit
1925 3014 1960 3053 Β
2010 3016 2055 3054 14
2078 3014 2199 3055 neu·

411 3068 494 3117 eta]
519 3078 592 3107 om.
613 3069 682 3110 ΠΒ
824 3070 871 3109 22
895 3073 959 3119 qul
984 3092 1032 3099 —
1058 3074 1115 3110 est
1139 3081 1211 3110 om.
1233 3073 1277 3113 U,
1303 3074 1396 3111 aber
1418 3076 1488 3111 der
1510 3075 1614 3112 Zelle
1637 3074 1671 3112 Β
1789 3076 2009 3114 Aristotele
2032 3103 2042 3114 .
2057 3104 2067 3114 .
2081 3103 2091 3114 .
2114 3074 2197 3124 tun}

411 3139 476 3166 am
501 3128 617 3170 Rand
643 3130 683 3167 ln
709 3129 798 3173 UB:
832 3130 940 3169 betae
961 3130 1092 3170 Stude
1117 3133 1250 3179 semen
1276 3134 1365 3170 aad·
1390 3133 1428 3170 in
1452 3134 1489 3175 V,
1524 3144 1586 3171 tvo
1611 3139 1722 3172 sons!
1746 3135 1870 3183 eim‘ge
1893 3136 1964 3172 der
1994 3135 2035 3173 ῠι
2058 3133 2204 3173 m?

413 3189 708 3237 angelomum
734 3189 898 3229 Glossen
922 3192 1055 3229 stenen
1152 3192 1199 3229 2⁴
1223 3192 1308 3230 Per
1332 3203 1383 3230 se
1409 3193 1492 3241 eta}
1518 3204 1590 3231 om.
1609 3194 1643 3231 Β
1737 3196 1942 3233 secundum
1969 3193 2013 3239 C.
2038 3195 2139 3233 luxu
2164 3193 2204 3234 U
