2352 3568
346 260 405 306 56
1113 253 1344 298 amand.

118 400 293 435 πωλῶ
348 392 391 437 in
423 403 481 437 eo
522 391 645 449 quod
684 395 800 445 sunt,
841 390 906 435 sic
947 392 1122 447 oportet
1162 387 1314 433 omnia
1355 386 1468 431 iusta
1509 396 1624 438 esse,
1665 384 1771 442 quia
1810 395 1865 429 ex
1904 383 2132 430 voluntate

347 468 591 509 venerunt.
616 462 886 508 Concessive
919 461 1158 518 legendum
1191 463 1271 513 est,
1302 469 1438 503 sensu
1470 461 1619 501 tamen
1651 454 1875 514 negativo.
1898 470 1942 501 ss
2057 454 2135 502 Ne

347 535 446 580 hoc
478 534 687 592 quidem
711 546 722 557 ·
744 546 780 579 s.
804 538 1023 591 putemus.
1046 547 1117 575 ss·
1150 531 1202 575 ln
1235 541 1297 575 eo
1322 541 1331 551 ·
1356 528 1400 573 id
1433 530 1500 573 est
1530 527 1576 572 in
1598 526 1686 572 deo
1709 562 1720 572 .
1743 526 1790 571 ln
1813 526 1901 572 deo
1927 525 2047 572 ide·
2068 531 2137 573 est

348 618 448 651 esse
479 604 602 663 quod
634 616 797 662 agere.
822 604 940 661 Ergo
973 603 1017 647 in
1050 603 1138 647 deo
1170 613 1287 659 opus
1318 598 1564 645 substantia
1595 603 1675 653 est,
1708 598 1813 656 quia
1844 597 1886 644 ei
1917 597 2037 644 idem
2068 601 2137 644 est

310 689 448 722 sesse
470 681 513 721 et
533 677 717 734 operari.
739 692 781 720 ss
842 675 984 720 Bona
1018 674 1177 731 igitur
1208 672 1383 717 omnia
1414 682 1626 717 sumus·
1650 669 1769 726 Quia
1795 682 1821 716 a
1848 670 1938 716 deo
1963 681 2137 725 sumus.

349 748 452 793 ideo
483 748 604 792 bona
626 781 636 792 .
659 746 774 791 Nam
807 751 850 791 et
882 745 1088 790 diabolus
1120 745 1163 789 in
1186 755 1243 789 eo
1272 743 1395 801 quod
1427 747 1494 788 est
1524 743 1674 788 bonus
1704 746 1785 795 est,
1817 741 1922 800 quia
1953 753 1979 787 a
2009 741 2137 788 bono

348 819 436 864 deo
468 823 637 863 creatus
669 822 753 871 est;
802 829 892 863 non
934 822 1082 861 tamen
1116 816 1269 869 iustus,
1310 814 1415 873 quia
1446 814 1613 860 malum
1644 826 1776 871 agere
1807 824 1986 872 semper
2019 811 2137 859 festi-

349 893 435 934 nat.
457 906 499 933 ss
618 888 890 946 Amplius·
915 887 958 932 id
991 891 1058 932 est
1088 886 1234 932 adhuc
1266 885 1459 944 amplius
1490 884 1658 943 aliquid
1690 884 1851 931 dicam.
1873 900 1916 930 ss
2026 883 2137 931 Nec

347 960 555 1017 species
587 971 597 982 ·
630 959 674 1004 id
706 963 772 1004 est
803 959 978 1004 iustitia.
1000 975 1042 1003 ⁸³
1123 957 1271 1003 Alia·
1304 957 1349 1002 id
1379 961 1447 1002 est
1477 956 1712 1015 quaedam.
1734 972 1776 1001 ss
1863 955 2004 1002 Iusta
2026 967 2037 979 ·
2058 966 2140 1015 per

298 1045 332 1074 ιο
350 1032 451 1090 pios
482 1035 618 1076 actus.
640 1047 682 1076 ss
742 1030 898 1075 Aliud
922 1042 932 1054 ·
954 1043 990 1075 s,
1014 1034 1319 1088 praeterquam
1352 1029 1530 1074 iustum.
1551 1044 1595 1073 ss

432 1196 640 1243 INCIPIT
671 1196 837 1243 LIBER
869 1196 1112 1243 CONTRA
1145 1195 1445 1243 EUTICHEN
1481 1194 1555 1241 ΕΤ
1586 1194 1938 1241 NESTORIUM
1969 1193 2051 1240 AD

755 1268 1013 1315 EUNDEM
1044 1267 1372 1315 IOHANNEM
1404 1266 1742 1313 DIACONUM.

137 1383 275 1419 aissa
495 1376 729 1421 Flavianus
761 1376 1004 1433 episcopus
1035 1375 1230 1433 prodidit
1260 1375 1476 1420 Eutichen
1506 1375 1745 1420 hereticum
1777 1374 1863 1419 sub
1895 1372 2067 1419 diocesi
2097 1376 2143 1419 et

100 1430 326 1508 mcyws
351 1448 587 1506 paroechia
609 1460 689 1492 sua
710 1448 1013 1505 presbyterum
1038 1482 1047 1492 .
1071 1446 1255 1504 Scripsit
1285 1447 1403 1491 enim
1436 1446 1671 1504 epistolam
1695 1451 1738 1491 et
1759 1445 1914 1491 direxit
1934 1444 2140 1498 Romam,

298 1534 331 1563 ιε
351 1520 394 1564 in
434 1532 522 1576 qua
562 1519 693 1564 huius
733 1519 899 1564 heresis
942 1531 1060 1564 error
1099 1523 1142 1563 et
1182 1523 1335 1563 auctor
1365 1518 1522 1564 erroris
1562 1518 1868 1563 manifestatus
1909 1520 1977 1563 est
2010 1550 2022 1563 .
2052 1515 2142 1563 Ne-

349 1592 510 1636 storius
559 1595 705 1636 autem
755 1591 998 1649 episcopus
1045 1590 1450 1648 Constantinopoli,
1493 1590 1563 1635 cui
1615 1594 1705 1635 erat
1754 1590 1983 1648 presbyter
2023 1586 2141 1636 Ann-

350 1663 511 1707 stasius
551 1662 747 1715 nomine,
789 1663 865 1720 qui
898 1667 945 1707 ut
983 1662 1191 1720 tripertita
1222 1662 1350 1707 refert
1386 1662 1567 1707 historia
1599 1661 1703 1718 (XII,
1737 1661 1784 1719 4)
1815 1661 1872 1707 ab
1904 1658 2142 1707 Antiochia

351 1735 509 1793 pariter
547 1746 649 1779 cum
691 1746 747 1779 eo
794 1739 861 1779 est
902 1735 1145 1779 destinatus
1191 1746 1415 1792 quemque
1459 1734 1591 1778 nimis
1633 1733 1883 1779 honorabat
1922 1736 1967 1778 et
2004 1730 2140 1778 veluti

351 1805 649 1851 consiliarium
683 1806 876 1851 habebat
905 1831 963 1837 —
995 1806 1066 1851 hic
1098 1806 1245 1863 itaque
1278 1805 1538 1850 Anastasius
1579 1805 1746 1850 faciens
1778 1802 2022 1862 aliquando
2053 1813 2142 1848 ser·

297 1889 533 1922 aomonem
567 1877 681 1927 dixit,
712 1877 768 1922 ad
813 1877 1051 1935 populum:
1104 1876 1290 1921 Mariam
1330 1876 1401 1921 dei
1442 1875 1709 1933 genetricem
1750 1874 1899 1920 nullus
1928 1873 2144 1933 appellet;

351 1947 491 1992 Maria
521 1948 639 1992 enim
672 1948 751 1993 fuit
782 1949 921 1993 homo
944 1953 987 1993 et
1017 1948 1150 1993 deum
1173 1948 1229 1993 ab
1263 1948 1445 1993 homine
1476 1947 1674 2005 generari
1697 1947 1830 1992 nimis
1862 1945 2143 2004 impossibile

352 2023 419 2064 est
450 2054 459 2064 .
491 2018 656 2064 Volens
697 2031 805 2076 ergo
838 2019 1071 2064 Nestorius
1103 2018 1324 2063 Anastasii
1366 2031 1619 2064 sermonem
1662 2018 1925 2064 confirmare
1965 2022 2009 2064 et
2048 2029 2141 2063 non

352 2090 553 2148 redargui
586 2090 704 2135 velut
735 2090 1062 2148 blasphemum,
1101 2090 1351 2148 frequenter
1381 2102 1435 2135 ex
1468 2091 1556 2135 hoc
1587 2102 1735 2135 coram
1769 2089 1959 2135 ecclesia
1989 2089 2144 2135 docuit

352 2173 603 2206 sermonem
637 2162 707 2206 dei
740 2162 975 2219 genetricis
1006 2161 1206 2206 abiciens
1238 2197 1248 2206 .
1282 2161 1382 2206 Hoc
1414 2166 1560 2206 autem
1603 2161 1706 2206 ideo
1747 2173 1909 2219 passus
1941 2165 2008 2207 at
2037 2160 2143 2219 quia

298 2245 444 2287 25non
477 2237 567 2278 erat
597 2233 712 2278 adeo
745 2233 954 2286 eruditus,
994 2233 1068 2290 qui
1102 2233 1208 2277 dum
1241 2232 1491 2278 naturaliter
1521 2233 1740 2290 eloquens
1772 2232 1941 2285 fuisset,
1982 2243 2033 2277 se
2064 2243 2145 2290 pu·

351 2304 472 2349 tabat
492 2304 699 2349 edoctum
723 2308 766 2349 et
786 2305 907 2350 libris
929 2305 1210 2362 antiquorum
1235 2305 1517 2362 interpretum
1540 2304 1865 2362 dedignabatur
1886 2302 2144 2350 incumbere

353 2375 645 2433 omniumque
677 2388 726 2420 se
758 2376 986 2421 meliorem
1019 2388 1120 2421 esse
1158 2377 1340 2434 putabat
1371 2411 1380 2421 .
1413 2375 1597 2421 Addidit
1628 2377 1827 2434 insuper:
1875 2387 1977 2421 cum
2017 2373 2144 2420 multi

353 2447 487 2493 deum
520 2448 811 2493 confiteantur
841 2460 941 2493 esse
973 2448 1132 2502 lesum,
1174 2460 1277 2506 ege,
1320 2448 1462 2506 inquit
1492 2447 1740 2502 Nestorius,
1782 2448 2069 2493 bimenstrem
2101 2449 2147 2491 et

353 2518 642 2564 trimenstrem
675 2531 958 2577 nequaquam
981 2520 1200 2565 confiteor
1220 2520 1354 2565 deum
1380 2554 1390 2565 .
1415 2519 1517 2575 Qua
1541 2520 1597 2565 de
1619 2532 1663 2565 re
1685 2523 1956 2577 congregata
1977 2517 2144 2564 sinodo

299 2612 337 2642 ω
354 2590 474 2647 apud
496 2579 723 2648 Ephesum
756 2591 990 2636 damnatus
1022 2595 1089 2636 est
1119 2626 1129 2636 .
1162 2590 1252 2636 Sed
1285 2603 1386 2637 cum
1419 2591 1655 2636 damnatus
1686 2595 1817 2644 esset,
1850 2589 2041 2636 vocabat
2070 2588 2143 2635 dei

354 2661 621 2718 genetricem
653 2661 839 2707 Mariam
873 2697 882 2707 .
915 2662 1107 2716 Dicatur,
1149 2662 1304 2720 inquit,
1346 2663 1418 2708 dei
1458 2662 1656 2720 genetrix
1687 2661 1829 2707 Maria
1868 2665 1912 2707 et
1942 2673 1997 2707 ea
2026 2671 2144 2719 quae

498 2826 522 2864 2
545 2825 774 2864 concessive
800 2856 809 2865 .
824 2855 857 2865 ..
885 2828 1072 2876 negativol
1110 2829 1194 2866 eine
1232 2828 1371 2867 Glosse
1402 2829 1473 2875 far
1506 2829 1579 2867 sidu
1614 2829 1654 2867 in
1694 2828 1728 2866 C
1923 2827 1948 2866 3
1983 2831 2071 2875 pute
2111 2824 2147 2865 C

355 2884 381 2923 6
403 2884 498 2923 Nam
523 2889 559 2923 et
583 2895 659 2924 om.
687 2884 721 2924 C
858 2888 895 2924 ll
925 2888 988 2925 die
1020 2888 1178 2925 meis-ten
1210 2889 1505 2935 Handsmnyten
1540 2889 1664 2926 haben
1691 2887 1898 2926 EXPLICIT
1919 2898 1942 2927 .·
1976 2885 2146 2926 INCIPIT

356 2944 567 2983 EIUSDEM
582 2944 651 2983 AD
668 2945 873 2985 EUNDEM
890 2950 979 2988 eta:
1003 2948 1064 2984 ds‘e
1079 2948 1327 2985 einlet'tenden
1346 2948 1817 2996 Auseinandersetzungen
1835 2947 1929 2985 aber
1941 2946 2145 2986 Natorum

351 3004 488 3050 staden
512 3005 585 3042 aldi
608 3005 648 3043 ln
668 3004 773 3045 UBC
775 3006 813 3047 V.
838 3006 877 3044 in
903 3007 1072 3044 anderen
1097 3007 1390 3054 Handscnnyeen
1411 3009 1544 3054 senten
1570 3009 1631 3046 dt'e
1648 3007 1812 3046 Glossen
1837 3018 1886 3045 zu
1910 3008 1984 3045 den
2009 3006 2145 3056 Ee'gm-

357 3072 507 3106 namen.
532 3065 594 3102 dte
615 3065 656 3103 ln
681 3066 752 3103 der
776 3061 1014 3113 Uberschn'st
1037 3068 1295 3107 vorkommen.
1322 3068 1407 3104 hier
1428 3068 1501 3105 tute
1524 3067 1620 3105 beten
1648 3067 1847 3105 Yractatus
1869 3067 1897 3104 Ι.
2005 3066 2054 3105 23
2076 3067 2149 3104 der

359 3120 454 3160 Text
475 3124 547 3161 der
566 3123 668 3162 ΗΜ.
687 3124 782 3172 Trlp.
799 3126 871 3163 hat
895 3126 1111 3175 redarguere
1209 3127 1333 3164 docuit
1359 3138 1431 3164 om.
1452 3126 1486 3165 C
1629 3127 1675 3164 24
1700 3129 1897 3177 genetricis
1920 3126 2144 3164 vocabulum

361 3180 639 3231 (nummum
662 3185 859 3232 παρείπῃ)
885 3186 1067 3223 obiciebat
1094 3184 1128 3223 C
1219 3186 1266 3224 25
1292 3187 1463 3224 decenter
1487 3187 1650 3224 eruditus
1675 3186 1709 3223 Β
1804 3186 1851 3224 27
1877 3196 1960 3224 cum
1985 3195 2059 3224 om.
2078 3183 2148 3225 CB
