2352 3568
934 274 1123 312 Johannes
1148 273 1305 312 Scottus.
1957 277 2015 321 45

46 417 179 454 neum
235 407 351 452 dere.
373 423 416 452 33
505 407 847 465 Aliquotiens
868 418 879 429 ·
901 407 952 451 fit
981 407 1147 452 relatio.
1168 422 1212 451 33
1299 405 1376 450 Ad
1409 406 1544 450 idem
1570 417 1580 428 ·
1603 406 1660 450 ad
1692 418 1830 450 unum
1853 440 1864 451 .
1885 406 2014 450 Verbi

233 479 390 536 gratia:
422 479 566 524 simile
597 479 729 524 simili
759 479 903 524 simile
935 483 1014 523 est.
1035 494 1077 523 33
1204 477 1332 523 Non·
1355 478 1497 535 quod
1529 477 1620 522 ille
1652 478 1767 534 ipse
1797 477 2016 521 sinister

233 550 333 594 sit·
356 563 392 595 s.
414 550 766 595 substantialiter.
788 566 830 595 33
910 550 971 595 Et
1001 562 1061 594 ex
1092 562 1172 594 me
1194 562 1204 572 ·
1229 549 1274 593 id
1307 553 1374 594 est
1404 561 1458 593 ex
1490 549 1577 593 mei
1610 548 1942 605 comparatione
1974 549 2015 593 ei

234 622 323 666 hoc
343 622 513 666 accidit.
535 638 577 667 33
618 621 764 676 Quae
786 633 797 644 ·
819 634 855 666 3.
874 622 947 666 illa
967 621 1335 679 praedicamenta.
1357 636 1399 665 33
1442 619 1599 674 Quod
1623 632 1633 642 ·
1656 619 2015 664 substantiam.ss

196 701 216 731 ⁵
234 692 411 737 Nihil·
434 693 539 750 quia
569 693 690 750 ipsas
720 693 989 737 substantias
1020 704 1112 737 non
1143 692 1388 737 alternant.
1410 691 1528 736 Nam
1556 691 1767 736 dominus
1798 702 1891 734 non
1923 702 2014 747 per·

232 763 341 808 tinet
370 764 427 808 ad
457 764 746 808 substantiam
768 764 897 808 servi.
917 780 959 808 33
1020 763 1286 808 Differunt
1306 774 1317 785 ·
1339 775 1487 819 neque
1508 774 1673 819 genere
1695 774 1842 818 neque
1863 762 2015 818 specie

233 846 380 891 neque
410 846 610 879 numero.
631 850 674 878 33
763 834 880 879 Non
912 835 1245 891 praedicatur
1273 869 1283 879 .
1307 869 1319 879 .
1344 869 1355 878 .
1385 834 1535 891 quasi
1567 834 1684 890 ipsa
1714 833 1814 876 sit·
1836 833 1917 876 sed
1948 845 2015 876 se·

233 904 427 949 cundum
460 905 837 962 comparationem
870 905 1133 950 adinvicem.
1157 922 1199 950 33
1260 905 1378 959 Quo
1402 917 1412 927 ·
1435 905 1480 949 id
1512 909 1579 949 est
1609 905 1774 961 aliquo.
1796 920 1839 948 33
1899 903 2016 948 Per·

231 987 476 1020 sonarum
499 987 510 998 ·
532 989 569 1021 s.
591 976 756 1030 relatio,
779 989 872 1021 non
894 977 1081 1021 alteritas
1102 977 1458 1021 substantiarum.
1479 993 1522 1021 33
1582 975 1812 1021 Omnino
1836 987 1846 997 ·
1870 974 2016 1019 Aeter-

180 1055 215 1085 ιο
232 1047 346 1091 nitas
377 1051 508 1104 atque
539 1048 958 1092 incommutabilitas
989 1052 1123 1105 negat
1154 1048 1392 1092 accidentis
1424 1047 1609 1091 alicuius
1640 1047 1686 1090 in
1718 1047 1805 1090 deo
1837 1046 2015 1090 instabi-

232 1117 411 1172 litatem,
443 1118 548 1175 quia
579 1130 715 1163 omne
747 1119 953 1163 accidens
984 1119 1232 1163 secundum
1264 1123 1441 1175 tempus
1462 1118 1533 1162 vel
1565 1130 1666 1161 esse
1698 1118 1767 1161 vel
1799 1129 1893 1161 non
1914 1129 2014 1161 esse

232 1193 380 1246 potest
408 1189 479 1234 vel
511 1201 604 1233 non
635 1190 779 1246 potuit
807 1189 877 1234 vel
910 1190 1041 1234 etiarn
1079 1190 1240 1246 poterit
1273 1224 1283 1234 .
1315 1189 1435 1245 Ergo
1474 1192 1598 1245 pater
1637 1200 1880 1244 numquam
1922 1200 2014 1232 non

232 1263 355 1316 pater
384 1264 428 1304 et
457 1260 575 1304 filius
606 1273 848 1317 numquam
880 1273 973 1305 non
1003 1260 1123 1304 filius
1154 1294 1165 1305 .
1196 1260 1293 1304 Nec
1319 1260 1437 1304 enim
1471 1259 1620 1315 coepit
1649 1271 1861 1315 umquam
1894 1263 2016 1315 pater

231 1341 333 1375 esse
369 1335 492 1388 pater
522 1343 606 1376 nec
643 1331 762 1375 filius
793 1344 892 1376 esse
931 1331 1064 1385 filius,
1107 1332 1229 1388 quod
1270 1331 1308 1375 si
1348 1331 1591 1387 aliquando
1632 1331 1855 1387 coepisset
1893 1334 2017 1386 pater

180 1411 214 1440 1⁵
232 1413 333 1447 esse
363 1406 487 1459 pater
514 1403 585 1447 vel
625 1403 744 1447 filius
775 1415 875 1447 esse
914 1403 1033 1447 filius
1062 1403 1133 1447 vel
1175 1403 1395 1447 desineret
1424 1414 1524 1446 esse
1556 1402 1679 1458 quod
1711 1405 1814 1454 erat,
1845 1401 1917 1446 vel
1948 1413 2015 1445 se-

232 1473 427 1518 cundum
459 1474 666 1518 accidens
696 1474 910 1518 diceretur
940 1478 1063 1531 pater
1081 1474 1152 1518 vel
1183 1473 1302 1517 filius
1325 1507 1335 1518 .
1358 1473 1406 1517 Si
1426 1485 1533 1517 vero
1557 1473 1679 1529 quod
1708 1473 1864 1516 dicitur
1893 1476 2016 1529 pater

231 1544 288 1589 ad
319 1556 369 1588 se
410 1545 557 1601 ipsum
590 1545 815 1598 diceretur,
855 1557 948 1589 non
981 1544 1038 1588 ad
1078 1545 1233 1597 filium,
1275 1549 1319 1588 et
1358 1544 1482 1600 quod
1522 1544 1679 1587 dicitur
1716 1543 1835 1586 filius
1867 1543 1923 1586 ad
1963 1555 2013 1587 se

231 1615 379 1672 ipsum
411 1615 636 1669 diceretur,
678 1628 770 1660 non
808 1616 863 1660 ad
905 1620 1086 1672 patrem,
1137 1615 1384 1660 secundum
1424 1615 1715 1659 substantiam
1758 1614 1972 1658 diceretur
2002 1648 2013 1659 .

231 1685 321 1730 Sed
353 1690 477 1743 pater
506 1699 599 1730 non
631 1687 787 1731 dicitur
817 1691 940 1743 pater
970 1687 1055 1730 nisi
1087 1699 1142 1731 ex
1163 1699 1219 1731 eo
1242 1687 1365 1743 quod
1388 1690 1455 1730 est
1485 1686 1526 1730 ei
1556 1686 1675 1730 filius
1707 1690 1751 1730 et
1780 1685 1898 1729 filius
1920 1697 2013 1729 non

176 1757 388 1801 ”dicitur
426 1757 544 1801 filius
581 1757 666 1801 nisi
697 1769 752 1801 ex
783 1770 839 1802 eo
872 1758 994 1814 quod
1035 1758 1169 1802 habet
1208 1762 1375 1814 patrem
1407 1790 1418 1802 .
1449 1757 1555 1801 Non
1596 1757 1727 1813 igitur
1765 1757 2012 1801 secundum

229 1828 521 1872 substantiam
553 1829 635 1872 ista
666 1828 881 1881 dicuntur,
915 1829 1018 1885 quia
1050 1840 1143 1872 non
1175 1829 1365 1885 quisque
1396 1840 1550 1872 eorum
1573 1828 1630 1871 ad
1658 1840 1707 1871 se
1739 1828 1901 1884 ipsum,
1933 1827 2013 1871 sed

230 1899 479 1944 adinvicem
523 1903 655 1956 atque
698 1900 946 1944 alterutrum
992 1899 1195 1943 dicuntur
1241 1934 1251 1944 .
1297 1899 1459 1956 Neque
1502 1899 1750 1943 secundum
1792 1899 2013 1952 accidens,

231 1970 336 2027 quia
375 1974 419 2015 et
458 1971 580 2027 quod
622 1971 778 2015 dicitur
825 1975 948 2028 pater
987 1975 1031 2015 et
1071 1971 1194 2027 quod
1243 1971 1362 2014 filius
1402 1974 1627 2014 aeternum
1669 1974 1801 2026 atque
1842 1970 2011 2014 incom-

230 2041 456 2086 mutabile.
477 2057 520 2085 33
590 2041 821 2098 Regulae
843 2054 854 2064 ·
875 2042 1083 2100 ypallage
1115 2044 1182 2086 est
1218 2053 1299 2098 pro
1340 2053 1397 2086 eo
1429 2042 1554 2098 quod
1586 2046 1653 2085 est
1683 2053 1873 2097 magnae
1906 2041 2013 2085 veri—

176 2113 330 2156 ²⁵tatis
354 2112 520 2169 regula.
541 2129 584 2157 33
644 2112 976 2157 Differentiis
999 2124 1009 2135 ·
1032 2125 1067 2157 3.
1090 2124 1393 2169 personarum.
1414 2128 1456 2156 33
1515 2111 1846 2156 Accessisset
1863 2123 1873 2133 ·
1891 2123 1926 2155 s.
1959 2124 2014 2155 ex

228 2186 442 2240 tempore.
463 2199 506 2228 33
630 2184 780 2228 Pater
802 2195 812 2206 ·
836 2196 929 2227 non
962 2196 1016 2227 ex
1045 2186 1247 2239 tempore
1277 2183 1468 2239 sumpsit
1496 2182 1766 2227 vocabulum
1799 2183 1899 2235 hoc,
1932 2182 2012 2226 sed

230 2254 344 2298 sicut
372 2266 549 2311 semper
569 2258 636 2298 est
665 2255 790 2307 deus,
822 2254 881 2298 ita
912 2266 1089 2310 semper
1118 2258 1186 2297 est
1215 2256 1350 2310 pater.
1393 2253 1513 2309 Ergo
1546 2254 1582 2297 si
1615 2256 1738 2310 pater
1766 2265 2011 2309 numquam

230 2325 380 2381 coepit
409 2337 508 2369 esse
538 2327 674 2382 pater,
711 2325 791 2368 sed
823 2337 1000 2381 semper
1028 2325 1121 2378 fuit,
1162 2336 1347 2368 necesse
1378 2327 1445 2368 est
1475 2327 1523 2368 ut
1553 2324 1694 2368 filium
1728 2326 2009 2368 coaeternum

230 2395 316 2440 sibi
337 2396 549 2451 genuerit.
602 2395 750 2450 Quem
773 2396 973 2439 dixerunt
992 2395 1161 2440 Arriani
1183 2395 1228 2439 in
1248 2399 1449 2452 tempore
1479 2395 1643 2439 iactum
1675 2395 1749 2438 tali
1781 2395 1941 2439 modo:
1974 2395 2011 2438 si

175 2473 213 2502 ³0
230 2470 359 2510 natus
401 2469 510 2519 erat,
565 2467 798 2523 quomodo
842 2478 934 2511 non
976 2466 1117 2510 factus
1160 2468 1277 2510 erat?
1354 2466 1498 2522 Inquit
1539 2466 1695 2510 beatus
1737 2465 2012 2522 Augustinus

230 2535 305 2593 (cf.
327 2536 470 2594 Epist.
494 2537 594 2591 238,
617 2537 688 2581 25.
749 2537 877 2581 Cont.
899 2537 1094 2581 Maxim.
1117 2536 1294 2581 Arrian.
1316 2537 1465 2594 Episc.
1488 2537 1521 2580 11
1544 2537 1591 2590 7;
1627 2536 1695 2590 15,
1717 2536 1783 2593 5):
1830 2537 1869 2580 si
1900 2536 2012 2580 deus

230 2612 353 2664 pater
389 2609 621 2665 aequalem
662 2608 747 2652 sibi
778 2608 918 2652 filium
959 2620 1052 2652 non
1083 2609 1248 2665 genuit,
1281 2608 1461 2652 duobus
1492 2608 1718 2652 contrariis
1749 2607 2012 2664 comproba-

228 2683 315 2723 tur:
370 2682 445 2723 aut
493 2680 611 2724 enim
663 2691 756 2724 non
799 2679 942 2736 potuit
983 2683 1070 2733 aut,
1124 2679 1247 2735 quod
1289 2679 1407 2723 dictu
1459 2678 1585 2722 nefas
1636 2683 1715 2731 est,
1768 2678 1936 2723 invidit.
1969 2694 2012 2723 33

230 2749 607 2794 substantialis
639 2762 650 2772 ·
682 2754 927 2795 coaeterna.
958 2766 1000 2794 33
1142 2750 1427 2794 Productio
1458 2762 1470 2772 ·
1501 2749 1546 2793 id
1587 2754 1654 2793 est
1691 2749 1934 2806 generatio.
1969 2765 2011 2793 33

174 2819 466 2865 ³⁵Relativa
496 2833 507 2843 ·
537 2834 573 2866 3.
605 2825 684 2865 est.
714 2837 757 2865 33
875 2821 1006 2865 Vero
1038 2832 1049 2843 ·
1081 2833 1117 2865 3.
1149 2833 1243 2865 non
1282 2820 1479 2865 localiter
1518 2821 1569 2864 fit
1608 2832 1756 2876 neque
1792 2824 2010 2876 tempora-

230 2891 338 2936 liter.
358 2907 402 2937 33
490 2892 543 2936 111
574 2892 841 2948 prioribus
871 2903 882 2914 ·
914 2904 951 2936 s,
974 2892 1135 2936 nostris
1167 2892 1555 2948 disputationibus.
1578 2907 1620 2935 33
1710 2890 1782 2934 Ita
1801 2902 1811 2912 ·
1835 2894 2009 2933 aeterne

231 2965 276 3006 et
304 2962 401 3006 sine
429 2966 643 3019 tempore.
673 2978 716 3007 33
821 2962 1027 3007 Distare
1059 2974 1069 2984 ·
1099 2975 1135 3006 s.
1169 2963 1431 3019 cogitemus,
1462 2978 1504 3006 33
1624 2960 1971 3004 Differentias
1998 2972 2008 2983 ·

373 3066 396 3103 2
421 3067 494 3103 das
525 3067 676 3103 Lemma
710 3067 750 3103 in
778 3066 811 3104 C
841 3067 894 3103 ist
924 3068 973 3103 Ei
1008 3069 1196 3104 sinister
1330 3066 1353 3102 8
1378 3067 1451 3102 das
1474 3066 1626 3102 Lemma
1658 3066 1698 3101 in
1734 3064 1768 3101 C
1798 3065 1851 3101 ist
1883 3064 2009 3109 Quos

231 3124 266 3160 8.
283 3124 307 3160 9
324 3125 663 3172 interpretatum
681 3136 690 3144 ·
708 3126 747 3162 id
764 3129 820 3162 est
836 3127 1080 3172 interpretatio
1100 3136 1129 3161 s.
1147 3126 1274 3162 relatio
1291 3135 1326 3161 n.
1346 3135 1376 3160 a.
1395 3125 1678 3160 substantiarum
1698 3122 1731 3160 C
1817 3123 1860 3159 21
1887 3125 2008 3170 quisq.

190 3191 193 3192 ’
233 3181 348 3226 CTM,
397 3185 592 3230 quisquam
616 3184 684 3220 BF
784 3184 831 3221 26
854 3194 931 3220 non
955 3184 1013 3220 bt’s
1036 3184 1083 3220 27
1107 3187 1209 3230 pater
1234 3193 1306 3220 om.
1326 3182 1360 3220 C
1459 3183 1507 3219 30
1530 3183 1646 3219 factus
1671 3192 1744 3219 om.
1765 3181 1798 3219 C
