2352 3568
884 268 1073 317 Remigius
1098 279 1173 306 von
1199 269 1368 306 Auxerre.
1940 273 2018 317 101
2057 259 2059 261 ι

77 409 191 445 17⁷.oe
244 398 451 444 bonitatis
491 399 604 443 illius
645 404 794 444 essent
833 401 1078 458 participes.
1142 400 1333 446 Diabolo
1373 413 1480 447 vero
1520 402 1705 446 cadente
1746 414 1847 447 cum
1889 403 2023 447 sociis

242 470 383 515 noluit
413 470 525 515 deus
555 471 741 527 angelos
771 471 874 516 loco
905 471 1018 516 illius
1057 473 1210 517 iterum
1242 485 1399 526 creare,
1440 473 1521 517 sed
1562 474 1789 518 hominem
1822 486 1876 518 ex
1914 477 2024 518 terra

242 541 443 594 formare,
485 546 534 586 ut
573 541 677 587 inde
720 542 924 587 diabolus
955 543 1097 600 magis
1127 544 1397 597 cruciaretur,
1445 556 1545 588 cum
1586 545 1753 589 videret
1794 545 2023 589 hominem

242 612 380 657 multo
411 624 461 657 se
491 613 739 658 inferiorern
771 618 921 658 natura
943 618 985 658 et
1014 614 1278 671 fragiliorem
1309 615 1430 659 illum
1461 615 1609 660 locum
1642 616 1889 672 perenniter
1920 628 2025 672 pos-

204 695 224 724 5
242 683 384 727 sidere
415 684 459 728 in
491 684 630 737 caelo,
662 684 738 729 ubi
779 685 875 741 ipse
907 685 1068 730 diutius
1099 698 1191 731 non
1223 686 1365 743 potuit
1394 698 1664 744 permanere.
1685 704 1729 731 33
1854 686 2024 744 Ange-

242 754 407 798 lorum
443 766 453 777 ·
487 754 686 811 Angelus
726 755 881 800 dicitur
924 757 1050 812 quasi
1090 756 1277 814 ‘eggus’,
1319 757 1363 801 id
1410 762 1477 802 est
1519 758 1636 802 iuxta
1679 758 1813 803 deum
1856 762 1977 802 stans
2012 793 2022 802 .

243 824 420 870 Novem
460 826 578 869 enim
610 825 788 870 ordines
827 827 1087 883 angelorum
1117 828 1304 882 fuerunt,
1346 841 1438 873 non
1477 829 1656 886 quidem
1689 829 1877 887 amplius
1900 864 1910 874 .
1933 829 2023 874 Sed

242 897 330 941 hoc
369 897 613 953 putandum
654 909 746 942 non
778 902 856 951 est,
898 902 946 942 ut
975 899 1087 944 ordo
1127 911 1207 956 per
1247 912 1297 944 se
1336 900 1460 944 solus
1492 901 1666 945 caderet
1704 901 1749 945 in
1790 901 1903 954 imis,
1942 901 2023 945 sed

241 968 547 1024 unusquisque
578 968 763 1025 angelus
794 969 839 1013 in
870 970 1122 1026 superbiam
1154 975 1336 1024 erectuS,
1369 983 1474 1015 mox
1505 976 1552 1015 ut
1581 984 1607 1015 a
1628 972 1715 1016 deo
1747 976 1916 1016 creatus
1938 975 2024 1025 est;

188 1055 224 1085 ιο
242 1050 296 1083 ex
338 1039 547 1084 omnibus
590 1039 818 1084 ordinibus
861 1041 1120 1097 angelorum
1165 1042 1240 1098 qui
1286 1042 1388 1086 mali
1434 1042 1608 1087 fuerunt
1651 1055 1752 1087 cum
1801 1043 1876 1087 illo
1921 1055 2025 1087 con-

241 1110 472 1154 iunxerunt
491 1114 535 1155 et
562 1110 701 1155 taliter
730 1123 939 1155 numerus
970 1112 1228 1168 angelorum
1252 1113 1461 1157 collectus
1492 1114 1536 1157 in
1569 1126 1705 1157 unum
1738 1126 1792 1158 ex
1813 1114 2024 1158 omnibus

241 1181 469 1226 ordinibus
490 1182 658 1226 cecidit.
675 1198 717 1226 ss
761 1181 833 1226 Ex
851 1186 984 1226 terra
1007 1195 1017 1205 ·
1040 1182 1145 1227 Non
1168 1195 1222 1227 ex
1241 1188 1350 1228 terra
1371 1184 1573 1240 paradisi,
1595 1185 1676 1228 sed
1699 1197 1752 1228 ex
1773 1185 1867 1239 ista,
1890 1197 2023 1241 quam

241 1253 447 1297 homines
485 1253 696 1306 incolunt,
727 1252 871 1297 Adam
901 1253 1041 1298 factus
1073 1258 1139 1298 est
1169 1288 1179 1300 .
1213 1254 1345 1299 Unde
1378 1259 1421 1298 et
1452 1255 1492 1299 ei
1532 1256 1731 1312 peccanti
1763 1256 1926 1300 dictum
1959 1260 2026 1300 est

241 1335 267 1366 a
298 1323 483 1367 domino
521 1323 649 1380 (Gen.
672 1324 714 1377 3,
741 1323 832 1381 19):
874 1324 930 1368 ad
969 1328 1123 1369 terram
1167 1325 1223 1370 de
1268 1338 1355 1382 qua
1394 1330 1597 1383 sumptus
1636 1339 1685 1370 es
1724 1327 1961 1371 reverteris.
1983 1343 2025 1370 33

189 1410 224 1439 15
241 1393 452 1450 Arbitrii
483 1406 493 1416 ·
525 1394 631 1439 Ideo
663 1395 774 1439 deus
805 1395 948 1452 primo
979 1396 1148 1440 homini
1189 1396 1373 1440 liberum
1405 1397 1526 1441 dedit
1555 1398 1789 1451 arbitrium,
1831 1402 1878 1441 ut
1908 1402 2026 1442 esset

240 1465 386 1522 aliqua
417 1477 549 1510 causa
579 1478 660 1523 pro
692 1479 780 1523 qua
811 1467 1009 1523 digneet
1038 1468 1150 1512 iuste
1181 1472 1335 1524 posset
1365 1481 1467 1512 eum
1499 1481 1786 1522 remunerare,
1814 1469 1851 1512 si
1882 1469 2024 1513 solam

242 1537 570 1581 oboedientiam
601 1537 836 1582 observare
868 1543 1073 1583 curasset.
1104 1555 1146 1582 33
1273 1539 1533 1583 Libertate
1564 1551 1574 1562 ·
1608 1544 1654 1583 ut
1693 1540 1730 1583 si
1761 1540 1891 1584 vellet
1931 1551 2024 1596 per-

242 1612 436 1652 maneret
465 1609 510 1652 in
540 1608 741 1653 felicitate
762 1609 858 1653 sine
886 1613 1083 1666 peccato.
1105 1626 1148 1654 33
1207 1609 1476 1667 Angelicis
1509 1611 1751 1655 coetibus
1783 1611 2023 1655 sociaret·

240 1678 357 1723 Nam
387 1679 426 1722 si
455 1678 599 1723 Adam
631 1692 723 1724 non
755 1684 995 1737 peccasset,
1035 1685 1183 1725 tamen
1223 1686 1499 1738 permaneret
1536 1682 1579 1725 in
1618 1682 1836 1738 paradiso,
1879 1682 2025 1726 donec

186 1764 224 1794 ω
242 1762 401 1794 omnes
431 1750 556 1794 electi
587 1755 881 1804 nascerentur,
924 1755 967 1796 et
995 1755 1100 1796 tunc
1129 1756 1218 1796 tam
1250 1753 1346 1809 ipse
1379 1765 1511 1808 quam
1545 1765 1702 1797 omnes
1735 1754 1829 1798 eius
1860 1753 1936 1796 filii
1969 1753 2025 1797 de

241 1821 363 1878 ligno
383 1821 498 1866 vitae
528 1826 752 1866 sumerent
781 1823 934 1879 sicque
965 1823 1217 1867 inmortales
1250 1823 1394 1867 effecti
1425 1824 1535 1868 inter
1566 1825 1752 1880 angelos
1774 1825 1831 1868 ad
1853 1824 2023 1868 caelum

239 1893 467 1937 transirent
500 1927 510 1937 .
545 1892 785 1937 Sciendum
829 1897 988 1946 autem,
1034 1894 1136 1950 quia
1186 1894 1354 1950 lignum
1386 1895 1499 1939 vitae
1541 1895 1658 1939 aliud
1702 1896 1782 1939 fuit
1824 1899 1866 1939 et
1909 1895 2026 1939 aliud

241 1963 411 2020 lignum
442 1964 650 2008 scientiae
681 1965 789 2009 boni
820 1969 864 2008 et
894 1965 996 2008 mali
1029 1999 1038 2009 .
1071 1965 1187 2009 Nam
1219 1965 1388 2022 lignum
1420 1966 1535 2010 vitae
1565 1966 1650 2010 tale
1683 1971 1785 2019 erat,
1827 1971 1873 2010 ut
1903 1967 1940 2010 si
1972 1978 2026 2010 ex

241 2035 317 2080 illo
357 2040 577 2092 gustasset
616 2035 727 2080 mori
758 2036 866 2079 ultra
906 2048 998 2080 non
1039 2040 1204 2092 posset,
1247 2037 1366 2080 unde
1398 2040 1441 2080 et
1471 2037 1680 2081 dominus
1711 2037 1841 2094 (Gen.
1864 2037 1906 2090 3,
1928 2037 2024 2091 22):

187 2119 224 2148 25
242 2118 360 2160 ecce,
392 2107 544 2163 inquit,
577 2106 720 2150 Adam
761 2107 886 2162 quasi
926 2119 1042 2150 unus
1073 2119 1127 2151 ex
1167 2107 1298 2151 nobis
1339 2107 1478 2151 factus
1509 2112 1575 2152 est
1604 2108 1750 2152 sciens
1781 2109 1952 2152 bonum
1984 2112 2027 2152 et

242 2178 427 2231 malum;
473 2178 619 2222 videte
659 2189 716 2222 ne
755 2177 867 2221 forte
897 2182 1042 2221 sumat
1072 2177 1129 2222 de
1169 2178 1293 2234 ligno
1324 2179 1438 2222 vitae
1470 2182 1512 2223 et
1541 2179 1659 2223 vivat
1689 2179 1731 2222 in
1765 2183 1989 2223 aeternum
2013 2213 2023 2223 .

243 2249 431 2305 Lignum
463 2252 608 2293 autem
640 2249 847 2292 scientiae
879 2249 1051 2293 boniet
1081 2249 1182 2292 mali
1214 2261 1305 2293 non
1337 2249 1417 2293 fuit
1446 2250 1652 2306 speciale,
1685 2250 1765 2294 sed
1798 2263 1935 2294 unum
1968 2250 2024 2294 de

242 2319 433 2376 reliquis,
466 2320 522 2363 de
545 2331 636 2376 quo
659 2323 939 2376 praeceperat
969 2319 1177 2363 dominus
1209 2332 1266 2364 ne
1288 2320 1583 2374 manducaret,
1616 2325 1663 2364 ut
1693 2321 1899 2378 probaret
1929 2322 2023 2365 eius

242 2391 492 2447 patientiam
524 2403 603 2447 per
627 2391 714 2434 hoc
736 2424 746 2435 .
769 2390 929 2447 Neque
959 2391 1076 2434 enim
1108 2391 1153 2434 in
1185 2391 1307 2447 ligno
1339 2391 1484 2447 aliqua
1505 2392 1572 2436 vis
1603 2392 1747 2445 extitit,
1781 2404 1859 2448 per
1890 2405 2022 2448 quam

187 2474 225 2503 ao
242 2462 413 2506 bonum
445 2466 489 2506 et
518 2461 682 2505 malurn
714 2462 853 2514 sciret,
893 2461 974 2505 sed
1005 2462 1050 2504 in
1081 2466 1318 2518 praecepto
1351 2462 1661 2507 oboedientiae
1693 2467 1736 2506 et
1765 2463 1918 2507 virtute
1950 2467 2024 2507 aut

241 2533 286 2576 in
317 2537 436 2577 reatu
468 2536 511 2577 et
541 2532 670 2589 culpa
700 2532 1070 2584 inoboedientiae,
1112 2536 1159 2576 ut
1198 2532 1242 2576 in
1274 2532 1408 2577 altero
1439 2533 1606 2577 videret
1635 2534 1673 2577 si
1709 2537 1911 2587 servaret,
1953 2534 2022 2577 sin

241 2605 373 2657 aliter,
406 2607 655 2648 moreretur.
687 2619 728 2648 ss
838 2603 1175 2648 Divinitatem
1209 2615 1219 2625 ·
1252 2603 1379 2648 Eritis
1419 2604 1532 2648 sicut
1569 2604 1627 2648 dii
1669 2604 1798 2661 (Gen.
1824 2605 1866 2649 3.
1888 2604 1948 2662 5).
1981 2621 2022 2649 33

242 2675 542 2719 Historialis
574 2687 584 2696 ·
617 2675 808 2719 Historia
839 2675 993 2718 dicitur
1023 2674 1084 2718 rei
1123 2678 1275 2731 gestae
1305 2675 1504 2728 narratio,
1546 2687 1660 2731 quae
1701 2676 1842 2732 potuit
1870 2676 2021 2730 videri,

242 2758 330 2803 apo
360 2750 406 2790 tu
438 2747 632 2799 historin,
665 2746 709 2790 id
737 2750 804 2790 est
823 2758 849 2790 a
869 2746 1030 2791 videre.
1053 2762 1094 2790 33
1178 2745 1270 2789 His
1303 2746 1471 2790 modis
1494 2757 1504 2768 ·
1528 2746 1616 2790 Lex
1645 2746 1850 2803 tripertita
1881 2751 1947 2790 est
1978 2748 2021 2791 in

383 2876 407 2912 4
430 2876 638 2922 perenniter
660 2875 704 2916 B,
730 2885 928 2922 perennem
953 2875 1016 2911 LF
1155 2874 1179 2911 5
1202 2875 1235 2911 A
1249 2886 1272 2911 n
1285 2876 1406 2922 gelo
1420 2886 1472 2911 ru
1486 2886 1521 2911 m
1547 2875 1629 2921 eta]
1655 2875 1768 2915 LMF,
1795 2885 1867 2911 om.
1894 2872 1947 2915 B‘:
1972 2877 2019 2920 cf.

241 2935 439 2971 lohannes
462 2934 617 2971 Scottus
639 2934 728 2971 Div.
746 2934 836 2970 Nat.
854 2935 897 2971 111
917 2935 961 2971 16
987 2937 1029 2978 (c.
1047 2934 1132 2980 668)
1150 2935 1230 2970 und
1251 2934 1346 2970 oben
1362 2934 1401 2970 S.
1419 2934 1463 2970 15
1478 2934 1586 2970 Anm.
1604 2935 1619 2970 1
1747 2934 1790 2970 18
1814 2933 1903 2970 Sine
1935 2944 2020 2980 pec-

243 2994 326 3029 cato
350 2994 402 3030 ist
424 2993 614 3029 vielleicht
643 2994 728 3029 εἰπε
753 2992 890 3030 Glosse
917 2994 988 3038 far
1018 2994 1120 3033 sich:
1156 2995 1193 3028 in
1227 2993 1324 3028 felici
1351 2994 1546 3028 constituta
1571 3003 1618 3029 ne
1651 2994 1815 3040 gustaret
1839 2993 1886 3029 de
1916 2994 2019 3040 ligno

242 3054 317 3088 tate
341 3054 423 3088 sine
446 3056 598 3099 peccato
622 3052 656 3088 B
750 3052 985 3099 Angelicis
1009 3051 1092 3096 eta]
1118 3051 1195 3091 BR.
1222 3061 1294 3087 om.
1312 3051 1419 3086 LMF
1545 3051 1588 3087 19
1612 3052 1686 3087 tam
1713 3051 1759 3096 (ἲ)
1786 3051 1839 3092 B:
1863 3052 1899 3091 R
1922 3053 2020 3088 habe

244 3111 304 3148 Ich
324 3112 395 3156 far
416 3112 519 3147 diese
542 3111 657 3148 Stelle
680 3111 787 3147 nicht
809 3110 1024 3156 vergliclzen
1157 3109 1199 3145 21
1229 3109 1325 3145 effici
1350 3109 1385 3145 Β
1503 3110 1550 3146 28
1575 3111 1668 3146 deco
1694 3110 1728 3146 B
1846 3111 1889 3147 31
1919 3113 1956 3147 ul
1986 3112 2020 3148 Β

168 3182 171 3184 ’
244 3170 291 3206 33
317 3170 586 3206 Historialis
611 3169 694 3215 ρέα]
720 3169 788 3209 LF,
814 3179 887 3206 om.
905 3168 939 3204 B
1033 3168 1080 3204 34
1105 3168 1185 3204 His
1209 3168 1292 3214 eta]
1317 3168 1430 3208 LMF,
1457 3169 1580 3205 om.B
