2352 3568
398 246 455 291 42
831 222 833 224 ’
1178 239 1429 284 εκιωια..

186 387 340 421 »ansusi
398 375 622 422 difficilius
653 375 871 420 invenitur
901 374 976 419 ubi
1010 385 1100 418 non
1133 372 1201 426 sit,
1235 384 1335 417 curn
1359 382 1452 428 quo
1484 382 1577 416 non
1609 382 1770 416 omnes
1791 382 1893 417 esse
1923 383 2181 431 possumus,

397 447 495 492 sine
526 458 618 504 quo
659 446 805 491 nullus
836 457 936 491 esse
977 448 1123 503 potest
1154 478 1163 489 .
1197 443 1334 498 Quod
1377 443 1434 487 ita
1465 447 1532 487 est
1563 441 1901 499 intelligendum
1932 477 1943 489 .
1976 443 2184 492 ‘Difficile

397 518 614 564 invenitur
651 517 725 562 ubi
757 517 840 571 sit’,
882 516 985 573 quia
1017 515 1150 560 corda
1181 519 1432 559 sanctorum
1475 513 1587 558 deus
1625 518 1794 558 tantum
1827 513 2060 572 inhabitat3
2106 516 2184 576 qui

398 601 503 634 vero
534 589 621 633 sint
651 588 789 633 sancti
822 592 864 632 et
895 587 1020 632 electi
1053 587 1097 631 in
1130 586 1293 643 quibus
1326 585 1437 629 deus
1470 584 1696 639 inhabitat,
1729 585 1827 643 ipse
1858 586 1984 631 novit
2012 586 2140 634 solus
2170 622 2183 635 .

360 672 379 701 a
398 660 647 705 ‘Difficilius
678 659 895 704 invenitur
925 658 999 703 ubi
1032 670 1123 703 non
1156 656 1238 710 sit’,
1278 656 1382 714 quia
1413 656 1510 701 eius
1541 656 1787 714 praesentia
1818 668 2001 704 omnem
2033 657 2184 706 locum

397 732 519 789 regit,
553 731 609 775 ita
642 735 687 775 ut
719 730 944 774 maiestate
975 741 1055 773 sua
1077 739 1258 773 omnem
1289 727 1364 785 qui
1397 727 1565 785 ubique
1596 731 1663 773 est
1693 727 1843 774 locum
1874 730 2184 778 transcendat.

397 803 522 848 ‘Cum
557 814 648 859 quo
681 814 771 846 non
794 813 893 846 esse
927 799 1197 858 possumus’‚
1232 799 1335 857 quia
1366 799 1451 845 soli
1484 799 1584 845 iusti
1617 812 1718 845 cum
1751 800 1840 846 deo
1861 812 1963 847 esse
1994 806 2186 860 possunt

396 878 574 931 propter
616 872 802 917 iustitiae
847 872 1047 916 meritum
1084 906 1093 916 .
1130 870 1251 916 ‘Sine
1283 883 1375 928 quo
1419 871 1567 917 nullus
1605 883 1706 917 esse
1750 871 1926 930 potest’,
1967 873 2183 932 quoniam

395 956 553 989 omnes
586 944 629 988 in
662 943 738 988 illo
770 942 960 988 vivimus
991 942 1100 988 boni
1132 948 1175 988 et
1215 942 1318 988 mali
1350 977 1360 988 .
1393 942 1498 988 Item
1541 942 1639 1001 ipse
1669 942 1947 1001 Augustinus
1986 944 2033 991 in
2069 945 2184 992 libro

344 1029 377 1057 ιο
395 1016 741 1061 confessionum
774 1014 879 1071 (Vll,
915 1014 1007 1071 11):
1062 1014 1234 1072 inspexi
1266 1018 1409 1060 cetera
1450 1014 1559 1059 intra
1598 1019 1643 1059 te
1673 1019 1717 1060 et
1747 1015 1837 1060 vidi
1879 1027 1963 1062 nec
1993 1016 2183 1063 omnino

394 1099 493 1131 esse
537 1098 619 1131 nec
663 1086 850 1131 omnino
903 1097 994 1131 non
1038 1097 1139 1131 esse
1175 1120 1184 1130 .
1222 1084 1333 1131 ‘Nec
1376 1085 1565 1131 omnino
1609 1085 1739 1140 esse’,
1793 1086 1898 1144 quia
1941 1099 2035 1133 non
2077 1091 2184 1134 sunt

394 1158 516 1215 quod
557 1162 602 1202 tu
640 1170 710 1211 es;
758 1161 856 1202 ‘nec
895 1157 1084 1202 omnino
1125 1169 1217 1203 non
1258 1156 1388 1211 esse’,
1432 1157 1537 1215 quia
1578 1169 1603 1202 a
1644 1162 1686 1203 te
1726 1162 1842 1203 sunt.
1873 1170 1918 1201 σε
2049 1157 2181 1206 Non

394 1228 534 1286 quod
567 1228 616 1273 in
649 1228 789 1273 omni
822 1240 832 1251 ·
865 1228 968 1286 quia
998 1229 1110 1273 deus
1142 1229 1245 1274 loco
1277 1241 1369 1274 non
1401 1229 1581 1287 capitur.
1604 1242 1648 1271 ss
1775 1229 1827 1274 ln
1859 1229 1982 1275 loco
2013 1241 2024 1253 ·
2055 1229 2181 1277 Dens

394 1312 486 1345 non
517 1300 685 1357 capitur
714 1299 831 1353 loc0,
873 1300 977 1357 quia
1008 1300 1105 1357 ipse
1137 1304 1204 1345 est
1234 1300 1318 1345 sibi
1359 1300 1487 1345 locus
1527 1300 1743 1353 inlocalis,
1785 1301 1899 1346 sicut
1939 1300 2084 1348 tonna
2119 1301 2184 1348 in·

341 1383 375 1413 ιε
394 1370 578 1416 formata
610 1406 619 1416 .
653 1371 730 1415 Est
760 1372 878 1415 enim
911 1372 1019 1416 intra
1051 1371 1267 1416 mundum
1300 1383 1393 1416 non
1425 1372 1528 1417 loco
1561 1372 1772 1426 inclusus,
1811 1376 1879 1417 est
1907 1376 2027 1419 extra
2057 1385 2184 1420 mun·

394 1443 499 1487 dum
543 1455 634 1488 non
676 1443 881 1487 exclusus
912 1455 937 1488 a
969 1443 1086 1497 loc0,
1129 1447 1195 1488 est
1234 1456 1367 1501 supra
1408 1448 1451 1488 et
1491 1444 1600 1488 infra
1635 1478 1646 1489 .
1682 1444 1799 1489 Hinc
1838 1444 1996 1490 beatus
2027 1444 2183 1492 Hiem-

394 1514 564 1558 nimus:
612 1514 908 1572 praesidendo
940 1515 1126 1559 sustinet
1157 1515 1322 1568 omnia,
1366 1515 1629 1560 sustinendo
1673 1516 1908 1573 praesidet,
1950 1516 2184 1575 implendo

393 1585 644 1639 circumdat,
678 1585 995 1631 circumdando
1028 1586 1181 1644 implet
1203 1620 1213 1631 .
1237 1585 1360 1631 Deus
1392 1586 1559 1644 ubique
1590 1589 1657 1632 est
1687 1598 1767 1645 per
1796 1587 2182 1647 incircumseptnm

393 1657 679 1711 maiestatem,
712 1658 815 1714 quia
847 1657 954 1702 nihil
987 1662 1135 1715 potest
1165 1669 1215 1702 se
1246 1658 1524 1703 abscondere
1554 1671 1580 1703 a
1612 1659 1715 1704 deo,
1736 1671 1780 1701 ss
1849 1658 2019 1705 Locus
2041 1670 2052 1683 ·
2073 1658 2182 1706 Non

338 1732 539 1773 aetamen
571 1729 772 1773 absentat
802 1741 851 1773 se
882 1729 939 1774 ab
961 1729 1049 1773 alio
1081 1729 1184 1774 loco
1212 1729 1268 1774 ad
1301 1730 1434 1774 alium
1467 1742 1517 1775 se
1548 1730 1792 1787 applicans,
1824 1730 1940 1775 sicut
1968 1730 2184 1777 hornast

393 1799 602 1857 Ubique
625 1813 635 1824 ·
659 1801 897 1846 illocaliter.
920 1814 964 1844 ss
1037 1801 1232 1846 Eodem
1258 1814 1268 1824 ·
1292 1802 1336 1847 id
1369 1806 1436 1847 est
1467 1806 1584 1847 extra
1615 1802 1922 1848 substantiam.
1943 1814 1989 1846 ει
2048 1802 2147 1848 Hic
2168 1813 2179 1826 ·

393 1883 428 1916 s.
452 1883 530 1928 per
559 1871 773 1929 temporis
804 1872 1084 1917 adverbium:
1118 1873 1223 1918 heri.
1246 1885 1290 1916 ss
1386 1873 1520 1918 lllud
1544 1885 1553 1896 ·
1579 1874 1622 1918 id
1655 1878 1722 1918 est
1753 1874 1826 1919 illa
1856 1873 2116 1920 substantia.
2136 1885 2183 1918 aa

393 1941 494 1987 Sed
527 1943 652 1999 quid
676 1954 686 1964 ·
710 1942 753 1987 id
786 1947 853 1987 est
883 1947 1019 1988 actus.
1042 1956 1085 1986 ss
1218 1944 1386 1990 Unum
1410 1956 1420 1967 ·
1444 1944 1488 1989 id
1521 1950 1588 1989 est
1618 1957 1830 2003 praesens
1859 1949 2043 2000 tantum,
2076 1945 2182 2004 quia

393 2026 636 2071 numquam
670 2026 761 2058 non
794 2014 886 2067 fuit,
919 2027 1162 2072 numquam
1196 2027 1287 2061 non
1320 2016 1411 2061 erit.
1432 2028 1477 2059 ss
1564 2016 1852 2062 Praeterito
1876 2028 1886 2040 ·
1910 2016 2023 2063 Cum
2054 2017 2184 2063 fuerit

338 2094 374 2125 π
393 2083 449 2128 de
481 2084 582 2138 dec,
616 2097 707 2129 non
730 2090 844 2130 recte
866 2086 1033 2131 dicitur.
1056 2098 1100 2129 ss
1161 2086 1314 2141 Quod
1339 2098 1350 2109 ·
1372 2086 1630 2132 Aristoteles
1662 2087 1706 2132 in
1729 2086 1958 2133 Analiticis
1986 2089 2082 2135 suis
2101 2088 2178 2148 (cs.

390 2167 531 2212 supra
561 2168 671 2213 pag.
694 2156 722 2200 6
754 2156 860 2201 adn.
884 2157 930 2215 2)
974 2162 1016 2202 ει
1060 2158 1190 2203 ceteri
1234 2158 1494 2216 philosophi
1538 2158 1739 2204 dixerunt
1782 2159 2002 2206 elementa
2042 2161 2183 2207 fuisse

392 2230 599 2271 aeterna.
624 2226 743 2284 Ergo
784 2229 967 2273 nomine
1009 2229 1119 2274 caeli
1161 2230 1308 2287 ipsum
1350 2230 1619 2275 elementum
1660 2242 1715 2275 ex
1746 2242 1839 2288 quo
1870 2231 2043 2277 caelum
2074 2244 2182 2279 con·

393 2301 476 2342 stat
506 2298 779 2355 obsignatur,
821 2300 864 2344 id
898 2306 965 2345 est
1004 2313 1119 2358 aqua
1151 2302 1208 2347 de
1249 2314 1338 2359 qua
1370 2302 1604 2359 congelata
1643 2302 1806 2360 sphera
1837 2302 2040 2349 caelestis
2077 2305 2182 2351 sub-

392 2369 544 2414 sistere
576 2370 718 2416 fertur.
740 2383 783 2414 ss
850 2371 924 2417 De
956 2373 1105 2418 caelo
1129 2385 1138 2396 ·
1161 2373 1229 2418 De
1261 2373 1338 2419 illo
1371 2377 1518 2431 potest
1549 2374 1636 2419 dici
1669 2375 1792 2432 quod
1824 2375 1965 2421 fuerit.
1985 2387 2031 2420 ω
2089 2374 2182 2423 lm·

337 2441 705 2487 :inmortalibus
740 2454 750 2465 ·
785 2444 898 2489 sicut
937 2449 1040 2489 sunt
1079 2445 1236 2491 sidera.
1270 2458 1315 2488 ss
1441 2445 1657 2504 Semper
1690 2458 1701 2469 ·
1736 2446 2072 2505 Sempiternitas
2112 2452 2182 2494 αι

394 2514 517 2570 quod
565 2514 662 2559 sine
712 2515 801 2560 iine
842 2520 885 2561 et
928 2517 1053 2562 initio
1098 2530 1176 2575 per
1220 2523 1397 2576 tempus
1429 2518 1600 2572 labitur,
1651 2519 1764 2563 sicut
1802 2523 1907 2564 sunt
1944 2518 2090 2566 sidera
2134 2523 2181 2566 et

394 2583 579 2638 caelum,
622 2597 736 2642 quae
768 2587 865 2632 sine
904 2589 1118 2645 temporis
1149 2588 1275 2634 initio
1307 2589 1486 2635 condita
1517 2594 1632 2635 sunt.
1697 2588 1829 2635 Unde
1860 2589 2090 2648 psalmista
2119 2590 2181 2636 ait

534 2690 559 2728 9
583 2690 670 2729 Item
697 2693 778 2739 ipse
803 2702 875 2730 om.
896 2692 963 2731 CB
1179 2694 1222 2732 10
1245 2705 1292 2733 so
1316 2696 1378 2733 dle
1401 2696 1706 2742 Handsdrrr'sten,
1731 2700 1829 2734 stau
1851 2696 2064 2745 Augustius
2087 2696 2179 2735 inm

396 2748 440 2787 18
464 2750 555 2787 aad:
579 2751 651 2787 den
679 2750 829 2789 Worten
855 2753 923 2789 des
947 2752 1203 2799 hieronymus
1236 2756 1306 2792 hat
1332 2754 1367 2794 R
1399 2756 1488 2792 nodi
1514 2757 1737 2803 folgendes:
1773 2765 1858 2793 nam
1892 2759 1928 2793 ει
1953 2755 2179 2794 Claudianus

393 2806 471 2854 (De
492 2807 606 2847 Statu
628 2810 790 2848 Anhnae
814 2811 868 2855 lu.
885 2812 923 2859 3)
957 2813 1044 2850 dicii
1069 2814 1171 2860 quod
1206 2824 1264 2851 res
1289 2824 1385 2861 quae
1410 2815 1518 2852 allam
1555 2817 1591 2852 ln
1617 2825 1658 2852 se
1685 2818 1846 2853 continet
1880 2818 2091 2854 necessario
2116 2825 2179 2854 ex·

391 2869 504 2906 terius
528 2870 597 2913 est,
622 2873 658 2907 ει
682 2870 721 2907 ld
746 2871 849 2918 quod
874 2874 1035 2909 continet
1059 2873 1150 2910 inira
1176 2884 1217 2910 se
1242 2874 1351 2911 habet
1369 2902 1377 2910 .
1396 2874 1505 2911 Verbi
1530 2877 1655 2923 gratia,
1681 2886 1748 2913 vas
1773 2877 1935 2918 continet
1959 2885 2092 2923 aquam
2116 2875 2179 2915 vd

392 2929 531 2972 vinum,
557 2932 593 2967 et
617 2929 704 2967 ideo
720 2939 788 2967 vas
813 2931 916 2978 quod
941 2933 1105 2970 continet
1130 2942 1262 2980 aquarn
1289 2938 1386 2971 extra
1405 2938 1471 2977 est,
1497 2941 1683 2981 aqua<m>
1705 2945 1794 2971 vero
1820 2934 1911 2972 inira
1936 2944 1979 2972 se
2003 2935 2177 2984 suscipit.
2215 2928 2217 2930 ’

392 2983 454 3024 Slc
477 2996 567 3037 ergo
592 2989 755 3036 quodam
790 2989 905 3027 modo
930 2990 1023 3028 deus
1049 2993 1173 3029 omnia
1207 3002 1340 3041 regens
1375 2997 1410 3030 ει
1444 2995 1637 3030 continens
1662 2997 1760 3031 extra
1786 2996 1911 3031 omnia
1936 2998 1993 3032 est
2017 2997 2054 3032 et
2086 2993 2179 3032 inin

392 3054 435 3083 se
459 3048 584 3084 omnia
609 3048 703 3097 regit
718 3076 727 3085 .
746 3047 831 3086 Non
856 3052 979 3087 tamen
1004 3050 1243 3088 solummodo
1269 3056 1366 3089 extra
1392 3054 1460 3095 est,
1486 3053 1553 3090 sed
1579 3054 1687 3090 eliam
1714 3055 1811 3091 intus
1836 3055 1962 3091 omnia
1987 3053 2178 3092 divinitate

391 3108 565 3152 penetrat.
709 3106 751 3145 21
781 3108 971 3147 lllocaliter
1000 3113 1140 3154 tamesi:
1181 3114 1217 3148 ει
1242 3111 1315 3148 hoc
1340 3117 1395 3149 est
1420 3112 1523 3159 quod
1557 3114 1616 3155 an,
1652 3113 1731 3150 sed
1766 3123 1851 3150 non
1888 3115 1930 3150 ln
1965 3114 2069 3151 loco
2101 3110 2184 3151 m·

391 3162 439 3201 2⁴
463 3173 662 3213 numquam
687 3166 753 3204 tuit
781 3167 872 3213 (non
896 3169 986 3215 om.)
1013 3167 1047 3207 C
