2352 3568
904 258 1093 307 Remigius
1118 270 1193 296 von
1218 259 1388 296 Auxerre.
1962 263 2045 307 103

44 404 141 438 ,ιη
159 404 211 433 ιοο
266 392 502 449 Pelagiana
532 392 711 445 heresis,
745 392 820 449 qui
853 391 1027 436 dicebat
1057 403 1149 436 non
1181 403 1365 436 necesse
1386 403 1487 436 esse
1517 391 1725 449 baptizari
1758 393 1961 437 homines
1993 406 2046 437 ex

35 469 38 472 ’
260 463 488 521 baptizatis
519 463 772 520 parentibus
804 467 945 516 natos,
979 463 1081 520 quia
1111 463 1223 507 sicut
1243 474 1298 507 ex
1326 463 1504 507 traduce
1535 467 1742 520 paternae
1773 464 1913 507 carnis
1942 476 2043 509 caro

260 534 450 579 nascitur
488 534 578 588 filii,
610 535 667 578 ita
688 534 862 579 dicebat
892 546 946 579 ex
974 534 1153 579 traduce
1185 534 1357 578 animae
1388 534 1521 591 patris
1551 534 1743 578 animam
1774 534 1851 578 filii
1881 535 2044 588 venire,

260 609 391 662 atque
422 605 524 650 ideo
556 617 648 650 non
680 617 816 663 posse
846 605 1088 649 transfundi
1119 609 1350 663 peccatum
1381 605 1507 662 primi
1539 605 1732 649 hominis
1763 605 1807 648 in
1840 609 2044 662 posteros

223 688 241 717 5
260 689 285 721 a
316 677 569 734 parentibus
600 677 841 734 baptizatis,
875 677 1041 734 quippe
1064 677 1139 733 qui
1170 677 1258 720 iam
1289 688 1368 733 per
1398 676 1667 733 baptismum
1699 688 1880 720 omnem
1913 677 2042 733 origi—

259 748 369 792 nalis
401 749 568 805 peccati
601 748 817 792 maculam
849 748 1086 792 amiserunt
1117 782 1127 792 .
1160 747 1250 792 Sed
1291 760 1383 792 non
1414 748 1472 791 ita
1511 747 1624 791 fides
1655 747 1786 792 sentit
1815 748 2043 802 catholica,

260 820 471 876 quoniam
501 819 581 863 fuit
601 818 743 863 Adam
776 823 819 863 et
848 819 892 862 in
924 819 999 863 illo
1031 819 1258 863 causaliter
1286 818 1450 862 fuimus
1478 830 1649 872 omnes,
1682 819 1881 875 peccavit
1900 818 2044 863 Adam

259 894 302 934 et
330 890 375 934 in
407 890 482 935 illo
520 891 802 947 peccavimus
834 902 992 934 omnes
1016 925 1025 935 .
1049 890 1168 947 Ergo
1201 902 1386 934 necesse
1418 894 1485 934 est
1515 894 1562 934 ut
1592 890 1866 947 baptizemur
1895 891 1932 935 si
1964 891 2045 935 sal-

257 962 347 1007 vari
377 962 585 1007 volumus
617 996 627 1007 .
659 962 895 1019 Propterea
935 963 1065 1006 huius
1097 962 1264 1019 Pelagii
1305 963 1493 1006 heresim
1534 962 1725 1006 Iulianus
1766 962 1911 1006 rethor
1942 962 2045 1006 dila-

206 1049 242 1079 ιο
257 1034 373 1087 tavit,
406 1033 481 1090 qui
512 1036 663 1078 contra
692 1033 870 1077 beatum
901 1032 1197 1089 Augustinum
1229 1033 1363 1077 multa
1394 1033 1554 1077 scribit.
1576 1049 1618 1077 33
1695 1032 1771 1077 Ab
1803 1033 1920 1089 ipso
1953 1033 2045 1076 ita-

259 1117 359 1162 que
404 1104 571 1162 primo
618 1104 831 1148 homine
860 1116 870 1126 ·
901 1103 961 1149 Ut
1000 1104 1045 1147 in
1086 1105 1249 1148 sanctis
1290 1104 1547 1148 doctoribus
1583 1104 1792 1160 scripturn
1825 1104 2045 1160 reperitur,

258 1175 401 1220 Adam
445 1187 627 1220 uxorem
670 1188 797 1219 suam
836 1175 975 1219 voluit
1015 1175 1241 1228 dimittere,
1283 1179 1521 1232 postquam
1554 1175 1662 1219 Cain
1702 1174 1873 1218 fratrem
1914 1187 2044 1218 suum

258 1246 371 1292 Abel
418 1247 580 1291 iustum
626 1246 761 1304 impie
806 1246 1030 1299 interfecit,
1086 1258 1417 1302 recognoscens
1462 1257 1511 1289 se
1558 1245 1706 1289 uxoris
1754 1257 1886 1289 causa
1933 1246 2043 1290 haec

258 1318 409 1363 omnia
439 1319 528 1375 pati
561 1353 571 1363 .
603 1318 693 1363 Sed
724 1322 828 1375 post
857 1318 1044 1375 longum
1075 1322 1252 1374 tempus
1284 1317 1488 1374 angelico
1520 1317 1764 1361 ammonitu
1796 1317 1943 1360 iussus
1975 1321 2043 1361 est

205 1403 240 1434 ιε
258 1402 440 1435 uxorem
471 1402 598 1434 suam
629 1402 776 1434 rursus
807 1401 1143 1446 recognoscere,
1177 1389 1279 1445 quia
1301 1388 1498 1433 Christus
1529 1392 1618 1432 erat
1637 1392 1847 1433 venturus
1875 1388 1931 1432 ad
1962 1388 2044 1432 sal-

257 1461 452 1506 vandum
483 1473 628 1518 genus
665 1461 906 1505 humanum
947 1472 1031 1504 nec
1070 1463 1240 1517 poterat
1269 1463 1450 1504 ventum
1491 1459 1540 1503 iri
1571 1459 1693 1503 aliter
1730 1459 1775 1503 in
1807 1471 1936 1503 carne
1969 1459 2046 1502 hu-

259 1544 403 1585 mana,
444 1532 529 1576 nisi
559 1531 683 1576 Adae
719 1531 836 1576 filius
877 1535 1126 1576 nasceretur
1156 1531 1261 1575 alter
1301 1535 1470 1588 praeter
1501 1530 1623 1583 Cain,
1666 1530 1877 1586 quoniam
1917 1530 2046 1574 valde

258 1603 490 1660 indignum
530 1607 631 1656 erat,
679 1607 726 1647 ut
772 1603 828 1647 de
869 1603 964 1647 eius
1009 1603 1180 1647 semine
1221 1603 1298 1659 qui
1342 1606 1432 1646 erat
1476 1601 1754 1646 fratricidium
1798 1605 2047 1646 nasceretur

258 1673 454 1719 Christus
477 1708 487 1718 .
510 1673 629 1731 Ergo
661 1674 838 1730 cognita
868 1674 1022 1718 iterum
1054 1685 1190 1718 uxore
1221 1677 1349 1717 natus
1370 1677 1437 1717 est
1467 1673 1507 1717 ei
1529 1672 1648 1726 Seth,
1681 1673 1738 1717 de
1760 1673 1884 1716 cuius
1915 1677 2045 1717 stem-

203 1749 374 1790 mmate
415 1749 536 1790 ortus
576 1749 643 1790 est
674 1745 885 1790 Christus.
908 1761 950 1790 ss
1071 1745 1366 1789 Commovit
1399 1756 1409 1766 ·
1445 1743 1671 1798 Quamdiu
1712 1745 1841 1800 pauci
1872 1744 2046 1788 fuerunt

258 1817 439 1861 minime
477 1817 588 1861 inter
616 1828 666 1860 se
706 1816 822 1860 bella
862 1819 1211 1860 commoverunt.
1233 1831 1275 1860 ss
1395 1815 1540 1859 Bella
1577 1827 1587 1837 ·
1625 1815 1797 1859 Primus
1828 1815 2045 1859 Nemroht

257 1889 386 1945 gigas
416 1887 583 1932 bellurn
615 1887 871 1940 commovit,
904 1887 960 1931 de
992 1899 1083 1943 quo
1116 1887 1219 1931 dicit
1249 1886 1427 1930 historia
1449 1885 1578 1943 (Gen.
1606 1886 1672 1940 10,
1696 1885 1762 1942 9):
1795 1890 1885 1930 erat
1910 1885 2044 1929 Nem-

258 1960 357 2004 roht
385 1963 569 2004 venator
607 1959 815 2003 robustus
855 1970 1003 2002 coram
1046 1958 1232 2002 domino
1265 1992 1275 2002 .
1308 1957 1445 2011 Quod
1487 1969 1565 2014 per
1605 1957 1866 2002 contrarium
1909 1956 2043 2001 debet

258 2030 452 2087 intelligi,
484 2030 529 2074 id
561 2034 628 2074 est
658 2034 809 2074 contra
840 2030 1085 2074 dominum.
1108 2045 1150 2073 33
1240 2028 1349 2073 Nec
1384 2033 1554 2072 tamen
1578 2040 1588 2051 ·
1611 2028 1659 2072 ln
1692 2028 1900 2072 omnibus
1932 2031 2045 2071 aeta-

204 2102 375 2147 nstibus
405 2113 582 2158 semper
610 2101 783 2145 fuerunt
814 2100 889 2156 qui
921 2100 1008 2144 deo
1041 2100 1308 2156 placuerunt,
1342 2099 1441 2143 licet
1472 2100 1661 2143 maxima
1681 2111 1736 2143 ex
1767 2103 1887 2156 parte
1909 2111 1934 2142 a
1956 2099 2044 2143 deo

257 2173 499 2217 humanum
530 2184 674 2228 genus
706 2171 940 2215 alienatum
969 2182 1081 2214 esse.
1104 2187 1146 2214 33
1207 2170 1355 2223 Quos
1378 2181 1387 2192 ·
1412 2169 1534 2226 quod
1557 2183 1582 2213 a
1604 2170 1746 2226 primo
1769 2173 1889 2226 patre
1909 2173 2045 2212 trans-

191 2248 195 2250 ’
257 2243 404 2287 fusum
436 2247 503 2287 est
541 2243 586 2286 in
626 2246 844 2299 posteros.
875 2258 917 2286 33
1046 2241 1367 2285 Sacramenti
1408 2252 1418 2262 ·
1458 2241 1768 2284 incarnationis
1801 2240 1970 2284 Christi.
2003 2256 2045 2284 33

259 2313 540 2359 Poenalem
563 2324 574 2336 ·
597 2324 745 2370 poena
777 2313 970 2368 dignam.
993 2328 1036 2356 33
1156 2311 1255 2355 Cur
1286 2315 1455 2355 autem
1497 2323 1587 2368 per
1618 2323 1766 2355 arcae
1808 2311 2041 2367 lignum·

260 2385 334 2441 qui
355 2385 443 2429 alio
474 2384 614 2428 modo
646 2387 814 2440 poterat
834 2382 1015 2427 liberare
1037 2394 1117 2427 eos
1140 2417 1149 2426 .
1174 2380 1219 2426 Si
1251 2394 1349 2426 arca
1379 2394 1471 2426 non
1502 2382 1656 2425 fuisset
1676 2385 1903 2435 exstructa,
1934 2382 2044 2426 inter

206 2469 243 2497 30
261 2468 399 2512 aquas
430 2459 585 2512 posset
623 2455 804 2499 liberare
837 2467 951 2511 quos
989 2466 1067 2511 per
1097 2466 1257 2510 aquam
1298 2453 1506 2498 liberavit.
1529 2469 1571 2498 33
1690 2453 1880 2497 Notum
1921 2458 2000 2497 est
2032 2465 2041 2476 ·

258 2527 370 2571 Arca
400 2526 617 2583 significat
646 2525 876 2570 ecclesiam
909 2559 919 2570 .
951 2525 1089 2579 Quod
1120 2529 1265 2569 autem
1298 2537 1351 2568 ex
1382 2524 1513 2580 lignis
1543 2524 1748 2568 fabricata
1786 2524 1878 2577 fuit,
1910 2525 2043 2581 signi-

257 2598 417 2642 ficabat
446 2610 525 2655 per
554 2598 724 2654 lignum
756 2597 896 2641 crucis
927 2597 1158 2641 ecclesiam
1182 2608 1281 2640 esse
1302 2596 1572 2641 salvandam.
1595 2612 1637 2640 33
1697 2595 2040 2640 Numerosam

260 2768 370 2812 gente
394 2774 573 2801 monazos
601 2763 701 2807 (Vita
725 2763 764 2801 S.
790 2762 913 2800 Germ.
931 2765 988 2800 ed.
1008 2763 1160 2804 Traube,
1181 2774 1220 2810 p.
1239 2763 1320 2806 468,
1338 2762 1434 2807 257),
1459 2763 1559 2798 daza
1578 2763 1670 2809 fagi
1685 2762 1769 2798 eine
1785 2763 1926 2797 andere
1949 2761 2041 2797 viel-

259 2823 374 2860 leicht
403 2825 526 2859 etwas
556 2825 708 2869 spatere
735 2822 855 2858 Hand
881 2823 941 2859 die
969 2822 1203 2870 Erklarung:
1248 2823 1388 2859 Eirieus
1430 2822 1497 2857 fuit
1525 2821 1682 2868 Remigii
1728 2823 1941 2867 praeceptor
1977 2822 2040 2866 qui

260 2883 549 2928 subterpositum
590 2882 738 2918 alterius
784 2883 943 2929 paginae
982 2892 1130 2918 versum
1174 2883 1212 2918 in
1249 2882 1540 2918 subsannatione
1582 2880 1788 2916 Brittonum
1832 2876 2041 2925 composuit

260 2942 283 2977 2
308 2951 392 2977 caro
417 2941 477 2978 vel
500 2951 619 2988 genus
644 2940 706 2976 LF
872 2941 895 2976 7
920 2943 1085 2987 peccavit
1109 2961 1157 2966 -—
1180 2941 1203 2977 8
1229 2950 1360 2976 omnes
1386 2949 1457 2975 om.
1475 2939 1538 2974 LF
1704 2938 1748 2974 10
1771 2938 1835 2974 Ab
1860 2938 1943 2983 eta}
1969 2948 2044 2973 nur

260 3001 300 3036 in
324 2999 358 3036 B
467 2999 512 3035 16
538 3001 590 3035 ire
613 2998 647 3034 B
765 2999 812 3035 20
835 2999 869 3035 B
893 3000 1099 3036 vermischt
1121 3000 1220 3036 zwei
1244 2998 1405 3036 Glossen
1431 2997 1699 3034 miteinander:
1732 2997 1907 3043 quamdiu
1933 2998 2039 3043 pauci

260 3059 373 3095 fuemi
391 3057 400 3106 Ι
419 3060 625 3104 seriamque
649 3058 850 3094 vindicavit
866 3057 876 3106 Ι
892 3060 914 3095 ἶ
938 3061 1089 3095 minime
1123 3059 1219 3095 bella
1245 3059 1400 3094 comise?
1603 3057 1644 3093 21
1674 3057 1841 3093 nemroht
1865 3056 1899 3092 B
1924 3057 2039 3097 (nem-

260 3120 328 3154 rod
355 3117 486 3164 Vulg.),
512 3118 666 3154 nebroth
690 3117 753 3153 LF
774 3120 832 3162 (so
856 3128 931 3155 vor
950 3118 1219 3164 Hieronymus)
1363 3118 1410 3154 29
1436 3116 1474 3153 Si
1499 3137 1546 3142 -—
1570 3116 1617 3153 30
1642 3116 1820 3162 liberavit]
1847 3127 1921 3152 nur
1942 3117 1981 3152 in
2007 3116 2041 3152 Β

216 3199 218 3201 v
260 3179 340 3213 und
362 3178 422 3214 als
444 3177 576 3224 eigene
601 3175 736 3214 Glosse
