2352 3568
407 269 465 315 62
847 223 850 226 ⁴
1175 262 1213 299 E.
1233 261 1273 298 ic
1292 260 1406 303 Rana.
1441 284 1445 285 ff

196 412 352 447 21⁹0.ae
408 402 605 446 tionem
629 411 639 422 ·
662 399 766 456 quia
807 398 864 443 ita
896 400 1037 442 creata
1070 398 1136 440 est
1167 397 1213 439 ut
1254 393 1434 438 haberet
1462 391 1649 437 liberum
1693 388 1915 435 arbitrium
1958 391 2002 435 et
2041 391 2199 448 posset

410 471 564 517 mutari
596 471 633 516 si
666 470 809 515 vellet.
832 484 873 513 σε
973 465 1248 512 Mutabilis
1272 476 1281 487 ·
1304 462 1465 520 Angeli
1498 461 1688 520 primum
1721 460 1798 505 ubi
1830 459 1961 506 creati
1993 464 2097 507 sunt
2125 471 2197 507 ac·

410 548 619 602 ceperunt
640 555 664 587 a
686 542 788 593 de0‚
822 545 880 593 ut,
913 540 949 584 si
973 539 1135 584 vellent
1166 538 1209 581 in
1244 536 1316 581 illa
1347 533 1620 580 beatitudine
1652 544 1737 578 suo
1768 531 1952 578 creatori
1973 543 2075 578 esse
2094 531 2200 578 sub·

410 615 522 666 iecti,
556 616 770 671 perpetuo
803 612 1005 656 durarent
1042 644 1051 655 .
1091 608 1146 653 At
1186 606 1469 665 superbiente
1510 603 1695 650 diabolo
1726 615 1829 649 cum
1861 603 1998 649 sociis
2028 603 2124 650 suia
2152 606 2198 651 et

373 697 391 725 ο
410 686 634 737 damnato,
669 685 726 728 ita
758 683 952 740 reliquus
983 681 1243 738 angelorum
1277 677 1492 723 exercitus
1531 681 1693 722 terrore
1733 675 1846 733 lapsi
1878 674 2027 732 angeli
2058 674 2105 721 in
2134 674 2200 721 in·

411 756 698 814 passibilitate
727 754 941 798 solidatus
974 755 1052 804 est,
1086 756 1132 796 ut
1164 751 1250 795 iam
1284 761 1375 794 non
1407 749 1544 794 velint
1575 759 1659 793 nec
1695 747 1871 806 possint
1900 746 1971 792 vel
2004 746 2102 805 pati
2125 746 2199 793 vel

412 827 564 872 mutari
597 861 607 871 .
643 824 849 870 Similiter
878 828 1130 868 sanctorum
1171 822 1346 866 animae
1378 833 1403 866 a
1435 819 1699 878 corporibus
1738 819 1951 877 migratae
1981 830 2067 865 nec
2097 829 2202 878 pos-

410 903 512 942 sunt
553 909 634 941 nec
665 896 821 941 volunt
864 895 949 940 iam
983 895 1039 939 ab
1085 894 1157 939 illa
1201 892 1473 938 beatitudine
1505 891 1661 937 mutari
1696 926 1706 937 .
1742 891 1862 949 Ergo
1894 894 1939 936 et
1978 890 2202 949 malignus

410 969 596 1026 angelus
628 968 685 1012 ita
717 967 875 1012 cecidit
915 966 1155 1019 infeliciter,
1195 968 1242 1010 ut
1273 977 1365 1010 non
1398 964 1555 1022 possit,
1596 963 1767 1009 etiamsi
1799 962 1918 1017 velit,
1959 973 2200 1020 resurgere.

359 1052 393 1081 ιο
412 1040 638 1084 passibilis
679 1039 809 1095 igitur
840 1041 905 1083 est
945 1037 1153 1082 diabolus
1185 1041 1227 1082 et
1268 1036 1445 1094 penitus
1476 1036 1533 1081 ab
1565 1035 1690 1081 omni
1730 1034 1935 1080 felicitate
1975 1036 2168 1080 mutatus
2190 1067 2202 1080 .

413 1111 544 1158 Unde
576 1116 619 1156 et
649 1111 920 1156 daemonum
953 1109 1159 1154 diffinitio
1201 1109 1299 1154 talis
1331 1111 1416 1153 est:
1467 1107 1706 1152 daemonia
1737 1110 1840 1151 sunt
1870 1105 2079 1151 animalia
2109 1117 2204 1152 oor-

413 1195 521 1241 pore
553 1184 683 1236 aeria,
723 1184 875 1228 animo
907 1182 1098 1241 passiva,
1149 1186 1296 1226 mente
1334 1180 1576 1234 rationalia,
1625 1185 1826 1237 tempore
1866 1183 2044 1224 aeterna
2076 1211 2088 1224 .
2121 1177 2205 1224 ln·

414 1254 721 1312 passibilis·
746 1254 789 1299 id
822 1257 889 1299 est
920 1254 1006 1306 dei,
1048 1254 1123 1311 qui
1156 1264 1333 1310 semper
1362 1257 1430 1298 est
1460 1256 1613 1298 natura
1644 1249 1917 1308 inpassibilis
1948 1284 1959 1295 .
1988 1249 2061 1295 Ex
2091 1249 2205 1308 qui·

414 1326 510 1371 bus
539 1326 811 1370 omnibus·
832 1325 1024 1370 Recurrit
1046 1337 1124 1382 per
1144 1324 1433 1369 diffinitiones
1455 1336 1567 1381 quas
1589 1323 1793 1367 distincte
1816 1321 1956 1367 modo
1972 1321 2030 1367 de
2050 1323 2204 1367 natura

363 1415 396 1444 ιε
415 1398 527 1442 iecit.
550 1414 591 1442 ss
712 1397 880 1442 Sensu
914 1401 1089 1442 carent
1117 1408 1126 1419 ·
1157 1396 1269 1441 sicut
1299 1399 1402 1441 sunt
1434 1396 1578 1441 echini
1601 1395 1670 1440 vel
1705 1394 1905 1439 conchae
1936 1393 2131 1439 marinae
2161 1394 2207 1440 ot

415 1469 596 1526 quidam
627 1480 812 1521 venneS,
845 1468 958 1513 sicut
988 1473 1055 1513 est
1085 1468 1359 1525 millepodia,
1401 1468 1476 1524 qui
1509 1467 1546 1511 si
1569 1466 1700 1512 etiam
1733 1466 1778 1510 in
1810 1476 1889 1510 sex
1920 1468 2067 1523 parta
2097 1463 2207 1510 divi·

415 1540 572 1584 dantur
590 1540 743 1585 vivunt
773 1542 906 1597 atque
928 1539 1031 1584 ideo
1060 1551 1161 1597 pars
1183 1551 1388 1596 quaeque
1411 1539 1552 1583 divisa
1582 1537 1778 1595 graditur
1807 1537 1852 1581 in
1874 1548 2002 1582 suam
2023 1539 2207 1595 partem,

416 1611 505 1668 qui,
537 1611 573 1655 si
606 1612 828 1665 sentirent,
861 1612 1017 1657 dolore
1049 1612 1187 1657 nimio
1220 1611 1423 1656 incedere
1456 1623 1548 1656 non
1581 1614 1768 1668 possent
1804 1643 1814 1655 .
1853 1608 1944 1654 Sed
1974 1608 2088 1654 torte
2118 1608 2208 1654 hoc

415 1683 594 1727 cuilibet
625 1683 881 1728 incredibile
913 1686 1011 1728 est.
1040 1682 1130 1728 Sed
1162 1683 1234 1728 hic
1264 1683 1363 1727 talis
1395 1682 1544 1727 audiat
1574 1682 1753 1727 beatum
1786 1680 2085 1738 Augustinum
2115 1676 2208 1738 (De

361 1772 398 1801 πο
419 1753 584 1809 Quant.
617 1753 699 1799 An.
732 1754 804 1808 62,
845 1754 915 1799 ed.
956 1754 1117 1811 Mlgne
1156 1753 1307 1799 XXXII
1345 1754 1491 1811 1070),
1548 1753 1623 1811 qui
1667 1753 1863 1810 disputat
1894 1751 1952 1797 de
1983 1750 2206 1809 tripertita,

416 1826 740 1883 quadripertita,
782 1826 1136 1883 quinquepertita
1176 1830 1219 1870 et
1248 1825 1482 1883 sexpertita
1513 1825 1660 1869 anima
1693 1858 1703 1868 .
1736 1823 1873 1880 Legat
1912 1823 2044 1869 etiam
2076 1821 2208 1868 Clau-

418 1896 598 1941 dianum
642 1897 699 1941 de
743 1897 982 1954 quantitate
1026 1897 1201 1942 animae
1244 1894 1335 1953 (De
1374 1895 1512 1940 Statu
1543 1894 1735 1940 Animae
1766 1894 1780 1939 l
1818 1895 1871 1940 17
1910 1893 2029 1952 sqq.)
2071 1898 2117 1940 et
2158 1893 2206 1939 in

418 1968 486 2012 his
518 1968 711 2012 inveniet
742 1968 865 2025 quod
898 1980 983 2013 nos
1015 1968 1204 2013 dicimus
1234 2002 1242 2012 .
1276 1968 1458 2012 Boetius
1499 1967 1681 2025 insuper
1718 1967 1845 2012 refert
1884 1966 1929 2011 in
1970 1965 2209 2024 paradoxis

418 2038 492 2096 (cf.
516 2037 589 2084 De
616 2038 739 2084 Mus.
768 2040 804 2092 1,
827 2039 885 2084 33
912 2052 959 2096 p.
983 2039 1070 2084 223
1103 2039 1172 2084 ed.
1196 2038 1439 2097 Friedlein)
1472 2039 1528 2084 de
1560 2039 1827 2097 Pythagora,
1868 2038 1993 2096 quod
2024 2037 2209 2084 nolebat

364 2127 400 2157 π
419 2122 467 2156 se
500 2110 686 2155 multum
719 2111 878 2167 inquiri
900 2123 926 2155 a
956 2111 1199 2168 discipulis,
1236 2123 1336 2155 cum
1368 2111 1496 2155 fortia
1528 2115 1763 2168 praecepta
1794 2110 1929 2165 daret,
1960 2110 2042 2155 sed
2072 2108 2209 2155 verba

418 2194 498 2226 sua
536 2181 670 2226 corde
713 2182 899 2236 retineri,
943 2182 1033 2227 fide
1076 2183 1208 2235 credi,
1253 2183 1400 2227 donec
1444 2195 1522 2240 per
1564 2187 1751 2228 aetatem
1798 2182 1855 2227 ad
1891 2181 2042 2227 audita
2086 2180 2212 2227 intel-

419 2253 598 2310 ligenda
629 2254 939 2311 pervenirent.
963 2254 1191 2299 Paradoxa
1223 2255 1556 2312 interpretantur
1586 2254 1807 2300 miracula.
1830 2271 1873 2300 ss
1952 2252 2176 2300 Arboris
2194 2263 2207 2275 ·

419 2324 521 2370 licet
540 2325 658 2370 vivat
689 2338 767 2383 per
786 2325 1061 2371 viriditatem.
1083 2342 1125 2370 ss·
1187 2326 1517 2371 Intellectum
1540 2338 1550 2349 ·
1573 2326 1794 2372 Animalia
1815 2338 1998 2371 sensum
2029 2324 2209 2379 habent,

420 2396 640 2442 intellectu
673 2400 819 2442 carent
850 2431 860 2442 .
894 2397 948 2442 Et
988 2398 1091 2443 ideo
1131 2398 1354 2455 inproprie
1395 2398 1600 2443 dicuntur
1639 2397 1928 2452 insensibilia,
1969 2408 2075 2442 narn
2114 2406 2208 2441 non

365 2467 565 2513 sosolum
607 2479 787 2513 sensum
830 2468 1007 2521 habent,
1047 2470 1127 2514 sed
1159 2469 1290 2514 etiam
1332 2470 1634 2527 praeiudicant
1673 2470 1879 2514 homines
1918 2468 1964 2514 in
2003 2466 2212 2514 sensibus

420 2539 619 2597 corporis
642 2574 652 2584 .
675 2539 796 2594 Quid
829 2540 947 2585 enim
980 2540 1037 2585 ita
1069 2541 1228 2586 odorat
1258 2546 1305 2586 ut
1325 2541 1476 2586 canis?
1519 2540 1641 2595 Quid
1673 2541 1731 2586 ita
1762 2539 2073 2599 perspicaciter
2090 2538 2213 2585 videt

421 2612 469 2655 ut
500 2610 676 2667 aquila?
738 2610 860 2665 Quid
901 2616 989 2656 tam
1022 2613 1236 2657 subtiliter
1262 2613 1383 2657 audit
1415 2618 1461 2658 ut
1490 2613 1637 2670 talpa?
1700 2612 1883 2667 Quanto
1924 2611 2069 2668 magis
2089 2610 2209 2656 enim

422 2680 626 2727 interiore
656 2693 806 2735 sensu,
839 2682 883 2727 id
915 2687 982 2727 est
1013 2683 1248 2737 intellectu,
1282 2684 1552 2737 deseruntur,
1591 2688 1714 2728 tanto
1747 2683 1891 2740 magis
1921 2680 2211 2727 exterioribus

421 2751 574 2809 vigent
594 2753 814 2798 sensibus
831 2769 873 2798 ss
909 2753 1051 2799 Muta
1074 2766 1084 2776 ·
1108 2766 1189 2812 pro
1211 2754 1549 2800 ‘irrationabilia’
1574 2755 1764 2812 ponitur.
1786 2771 1828 2799 ss
1866 2751 2208 2799 Hominibus·

367 2822 623 2878 asPlatone,
656 2823 884 2870 Cicerone.
906 2841 949 2870 ss
1011 2825 1084 2871 De
1116 2826 1345 2883 singulis
1376 2827 1728 2872 animalibus-
1753 2837 1872 2883 equo
1903 2824 1973 2870 vel
2005 2824 2211 2870 leonem

423 2893 712 2952 Lapidibus
733 2907 744 2919 ·
767 2896 811 2941 id
843 2901 911 2942 est
941 2897 1103 2951 sardi0,
1135 2898 1363 2943 onichino.
1386 2914 1428 2942 ss
1510 2898 1689 2955 Lignis
1712 2909 1721 2919 ·
1746 2897 1843 2955 piro
1874 2901 1919 2941 et
1949 2896 2146 2955 platano.
2165 2909 2211 2942 a

566 3072 589 3111 7
614 3073 801 3123 migratael
826 3075 971 3113 solutae
990 3074 1027 3114 U
1142 3074 1189 3112 34
1215 3076 1305 3112 nudi
1330 3077 1476 3123 ponitur
1501 3076 1572 3111 hae
1590 3074 1756 3112 Cnoch:
1779 3074 1835 3112 At
1860 3074 2079 3112 hominia
2096 3100 2105 3111 .
2122 3075 2209 3111 nou

423 3133 528 3170 culus
553 3134 605 3171 rel
629 3142 788 3182 persona
813 3143 898 3171 esse
922 3134 1127 3172 ditatum·
1183 3133 1541 3172 Substantlarum
1562 3139 1694 3172 motas
1722 3163 1730 3171 .
1756 3138 1863 3172 notas
1887 3134 1974 3181 (jae
1994 3132 2098 3181 nota)
2120 3132 2209 3171 mb-

424 3191 576 3229 stanna
601 3193 638 3230 ln
665 3194 892 3231 universales
916 3198 952 3231 et
977 3194 1210 3241 particulares
1236 3194 1363 3231 dividi.
1381 3207 1419 3231 υ
1538 3194 1587 3231 36
1611 3196 1701 3242 pino
1726 3194 1769 3235 B.
1795 3203 1888 3242 pyro
1915 3192 2030 3233 [lm-⁸
