2352 3568
956 242 1143 279 lohannes
1168 241 1324 279 Scottus.
1970 243 2020 287 71

14 383 138 432 »η
156 383 190 413 19
242 374 412 418 victus
435 385 445 396 ·
466 386 503 418 s.
526 373 571 418 in
603 374 781 419 sinodo.
802 390 845 419 33
914 373 1192 419 Evidentia
1215 386 1225 396 ·
1249 374 1294 418 id
1325 378 1392 418 est
1422 373 1655 418 manifesta
1686 372 1854 417 ratione
1886 373 2026 429 ipsius

241 449 433 499 naturae,
466 445 570 502 quia
601 445 686 490 alia
707 450 775 490 est
805 445 875 490 dei
907 450 951 490 et
980 445 1065 490 alia
1096 445 1291 490 hominis
1322 448 1486 489 natura.
1507 460 1551 489 33
1609 443 2024 488 Adunationem·

242 516 414 561 deitatis
445 521 488 561 et
518 516 726 561 hominis.
747 533 789 562 33
860 517 976 561 Vult
998 528 1008 539 ·
1032 516 1190 561 dicere.
1212 532 1255 560 33
1329 515 1608 572 Eloquitur
1629 527 1639 537 ·
1662 514 2027 571 Argumentando

242 587 435 644 loquitur
463 587 618 640 modo,
660 592 703 632 et
734 588 839 632 dicit
869 588 996 645 quasi
1026 600 1081 632 ex
1111 587 1252 632 Maria
1282 587 1451 644 virgine
1492 599 1584 631 non
1625 586 1915 643 assumpserit
1950 586 2027 630 hu-

205 659 495 703 smanitatem
519 658 678 703 ,Verbi
710 659 866 715 gratia:
899 659 1038 703 homo
1069 659 1295 715 ingressus
1322 658 1507 702 domum
1540 669 1634 702 non
1665 657 1769 701 ideo
1801 669 1855 701 ex
1886 656 2026 701 domo

243 730 360 787 capit
389 733 437 774 ut
465 730 533 783 sit,
564 729 646 773 sed
668 729 811 785 qualis
842 730 1067 786 ingressus
1099 734 1178 783 est,
1209 730 1309 774 talis
1330 729 1551 786 egreditur
1580 729 1636 772 ab
1669 728 1767 785 ipsa
1795 763 1805 772 .
1837 728 1897 772 Ita
1918 739 2026 784 ergo

242 803 568 857 argumentatur
597 800 727 844 etiam
761 800 980 845 Christum
1013 801 1140 857 quasi
1176 813 1270 845 non
1302 800 1547 857 accepisset
1578 811 1632 844 ex
1662 799 1803 843 Maria
1834 811 2024 852 carnem,

241 871 323 916 sed
362 871 547 915 Mariam
587 871 839 928 appositam
880 883 993 924 esse,
1038 876 1086 915 ut
1125 884 1179 916 ex
1219 883 1272 916 ea
1312 875 1563 916 nasceretur
1602 882 1704 915 caro
1745 882 1838 914 non
1880 882 1935 914 ex
1973 882 2027 914 ea

241 946 431 999 sumpta.
453 958 495 987 33
584 941 910 986 Dementiam
933 954 944 964 ·
968 943 1199 987 insaniam.
1221 959 1263 987 ss
1345 942 1540 999 Aliquo
1572 941 1729 986 modo
1753 953 1763 963 ·
1786 941 1843 985 de
1874 940 2025 997 aliquo

190 1029 224 1058 ιο
241 1013 462 1058 elemento
482 1013 554 1058 vel
586 1013 643 1058 de
673 1013 814 1057 nihilo
836 1013 906 1058 vel
939 1013 995 1057 de
1028 1013 1229 1070 quolibet
1258 1026 1446 1071 corpore
1469 1048 1478 1058 .
1502 1013 1690 1057 Dicebat
1720 1013 1839 1056 enim
1862 1024 2026 1068 corpus

241 1083 399 1129 Christi
429 1088 655 1141 sumptum
695 1096 788 1128 non
820 1096 874 1128 ex
903 1085 1086 1141 virgine,
1128 1085 1209 1128 sed
1249 1089 1323 1129 aut
1360 1097 1414 1129 ex
1445 1084 1675 1128 elementis
1714 1087 1788 1127 aut
1819 1095 1873 1127 ex
1902 1087 2026 1135 terra,

239 1155 446 1200 videlicet
474 1156 520 1199 in
541 1155 666 1200 caelo
696 1155 933 1199 sonnatum
955 1159 999 1199 et
1024 1156 1069 1199 in
1091 1160 1260 1200 uterum
1282 1155 1465 1212 virginis
1487 1154 1691 1211 angelico
1714 1154 1867 1198 officio
1890 1154 2027 1210 depo-

238 1226 386 1280 situm,
408 1230 483 1271 aut
497 1238 552 1270 ex
564 1238 676 1279 aere,
689 1226 803 1270 sicut
818 1226 892 1270 illa
905 1226 1115 1271 columba
1130 1226 1211 1270 fuit
1224 1238 1339 1283 quae
1355 1238 1489 1283 super
1505 1225 1775 1282 baptizatum
1791 1224 2024 1268 dominum

239 1297 440 1354 apparuit
462 1331 472 1342 .
495 1296 556 1342 Ut
585 1297 704 1341 enim
735 1297 892 1342 beatus
924 1298 1029 1342 dicit
1059 1297 1335 1354 Augustinus
1367 1295 1457 1354 (De
1477 1295 1636 1353 Agone
1669 1295 1930 1340 Christiano
1952 1295 2023 1348 24,

188 1384 222 1413 15
239 1368 310 1412 ed.
322 1367 484 1424 Migne
494 1368 581 1422 XL,
593 1368 712 1425 302),
745 1380 849 1413 vera
870 1369 1079 1413 columba
1109 1369 1203 1423 fuit,
1234 1380 1479 1424 verumque
1500 1380 1662 1424 corpus
1694 1367 1848 1411 habuit
1869 1371 1912 1411 et
1932 1379 2025 1411 non

237 1439 531 1493 fantasticum,
554 1439 658 1496 quia
673 1440 821 1484 omnis
841 1440 1027 1484 fantasia
1049 1440 1136 1484 deo
1154 1440 1369 1496 displicet,
1393 1440 1469 1496 qui
1489 1439 1680 1496 simplex
1691 1450 1794 1483 vere
1810 1442 1877 1483 est
1893 1472 1903 1482 .
1920 1438 2028 1482 Non

238 1515 387 1555 tamen
417 1522 472 1555 ex
511 1511 683 1555 semine
719 1510 900 1555 aliarum
933 1511 1238 1556 columbarum
1280 1523 1443 1567 corpus
1483 1510 1649 1563 habuit,
1690 1510 1771 1553 sed
1803 1522 1857 1553 ex
1888 1521 1988 1553 aere
2012 1543 2022 1553 .

239 1581 372 1627 Unde
393 1586 437 1626 et
456 1581 698 1626 ministerio
730 1586 907 1638 peracto
939 1594 1159 1638 nusquam
1182 1582 1429 1638 comparuit
1450 1616 1460 1626 .
1484 1581 1634 1635 Quare
1665 1584 1812 1625 autem
1844 1580 2022 1636 spiritus

238 1656 418 1697 sanctus
433 1664 526 1696 non
538 1656 606 1696 est
626 1657 754 1696 natus
768 1653 824 1697 de
838 1653 1047 1697 columba
1064 1653 1445 1709 quemadmodum
1460 1652 1657 1696 Christus
1675 1651 1731 1695 de
1747 1651 1926 1704 femina,
1949 1651 2023 1695 illa

187 1738 224 1767 πο
241 1735 375 1768 causa
411 1727 490 1777 est,
529 1724 634 1780 quia
673 1736 765 1768 non
797 1724 1033 1768 columbae
1063 1724 1246 1768 liberare
1276 1728 1455 1768 venerat
1494 1723 1672 1780 spiritus
1711 1726 1903 1775 sanctus,
1945 1722 2025 1766 sed

237 1795 495 1840 hominibus
526 1794 776 1851 significare
807 1795 1106 1839 innocentiam
1138 1799 1182 1839 et
1212 1806 1410 1839 amorem
1441 1794 1695 1851 spiritalem,
1730 1793 1853 1849 quod
1884 1793 1930 1836 in
1952 1805 2024 1837 co-

237 1866 416 1910 lumbae
446 1866 597 1922 specie
617 1865 845 1910 visibiliter
874 1866 1110 1922 figuratum
1142 1870 1221 1910 est.
1244 1882 1286 1910 33
1347 1865 1417 1910 Ex
1448 1877 1548 1922 qua
1572 1877 1582 1887 ·
1605 1865 1651 1908 id
1673 1868 1758 1908 est:
1791 1876 1869 1920 per
1890 1876 2023 1920 quam

237 1940 487 1982 nasceretur
515 1936 623 1980 illud
655 1948 818 1993 corpus
850 1937 973 1993 quod
1004 1939 1106 1981 ante
1137 1939 1240 1981 erat.
1262 1952 1305 1982 33
1415 1936 1564 1990 Quae
1605 1939 1724 1980 ante
1763 1935 1921 1979 fuerit
1949 1947 1958 1956 ·
1987 1947 2023 1979 s.

237 2008 568 2053 adunationem.
588 2023 631 2052 33
700 2007 825 2052 Eius
847 2020 857 2030 ·
881 2008 1091 2052 Eutichis.
1114 2024 1156 2052 33
1227 2007 1280 2052 ln
1312 2007 1608 2052 divinitatis
1641 2006 1872 2051 cessisse
1902 2006 2023 2050 sub-

184 2079 484 2124 astantiam
519 2091 529 2101 ·
564 2079 609 2123 id
642 2083 708 2123 est
747 2079 970 2136 propriam
1002 2079 1176 2124 iactam.
1200 2095 1243 2123 33
1369 2078 1773 2122 Resurrectione
1796 2089 1806 2098 ·
1834 2077 2025 2121 Fuerunt

239 2150 420 2207 quidam
450 2154 540 2194 tam
572 2151 763 2207 perversi
795 2150 986 2203 heretici,
1018 2154 1066 2194 ut
1095 2150 1307 2194 auderent
1333 2149 1478 2194 dicere
1501 2148 1720 2193 Christum
1753 2151 1853 2192 ante
1885 2159 2022 2191 resur-

238 2221 478 2266 rectionem
518 2233 677 2278 purum
715 2221 855 2265 fuisse
885 2221 1128 2273 hominem,
1170 2221 1239 2265 cui
1272 2220 1477 2265 divinitas
1514 2222 1835 2276 cooperaretur,
1876 2219 1921 2262 in
1962 2230 2024 2262 re-

238 2292 507 2336 surrectione
537 2304 643 2337 vero
684 2292 981 2348 assumpsisse
1022 2292 1250 2336 hominem
1291 2291 1379 2335 deo
1419 2293 1647 2346 totamque
1687 2290 1783 2333 eius
1823 2293 2022 2334 naturam

238 2363 285 2407 in
306 2363 577 2407 divinitatem
607 2363 908 2408 transfudisse.
930 2379 972 2408 33
1032 2362 1174 2407 Duas
1196 2374 1206 2384 ·
1229 2374 1265 2406 s.
1288 2362 1572 2406 arbitrabitur.
1594 2377 1636 2405 33
1697 2360 1771 2405 De
1803 2360 1996 2417 quibus
2011 2371 2021 2381 ·

184 2446 275 2478 aos.
296 2434 489 2490 geminis
519 2434 789 2478 substantiis,
811 2450 853 2478 33
913 2433 1246 2478 Disiunctum
1273 2445 1283 2455 ·
1309 2432 1432 2489 quod
1463 2432 1661 2489 sequitur
1690 2435 1765 2476 aut
1794 2431 1920 2475 traxit
1949 2435 2024 2474 aut

238 2516 346 2549 non.
368 2521 410 2550 33
468 2503 544 2549 Ab
576 2516 636 2549 ea
659 2516 669 2526 ·
693 2504 852 2548 Verum
885 2508 951 2549 est
982 2504 1105 2560 quod
1137 2504 1193 2548 ab
1216 2516 1268 2548 ea
1300 2515 1476 2548 carnem
1507 2503 1644 2548 traxit.
1666 2518 1709 2547 33
1770 2501 2021 2547 Utrumne

239 2587 303 2621 eo
347 2576 435 2632 qui
478 2575 746 2620 deciderat
778 2587 788 2597 ·
823 2575 870 2619 id
913 2579 980 2619 est
1010 2574 1154 2619 Adam
1189 2609 1200 2619 .
1236 2573 1409 2619 Omnes
1441 2574 1559 2619 enim
1604 2573 1810 2618 homines
1854 2573 1900 2616 in
1943 2573 2021 2617 illo

240 2646 470 2691 causaliter
506 2646 681 2691 fuerunt
711 2650 755 2690 et
793 2647 838 2690 in
870 2658 1004 2703 quam
1046 2645 1464 2702 praevaricationem
1505 2645 1674 2702 peccati
1715 2645 1813 2701 ipse
1844 2643 2020 2697 decidit,

239 2717 286 2761 in
316 2717 474 2762 eadem
505 2729 665 2762 omnes
696 2717 900 2774 concepti
931 2719 1046 2761 sunt.
1067 2733 1110 2761 33
1200 2716 1302 2771 Qui
1334 2716 1635 2761 deciderat·
1657 2716 1696 2759 si
1727 2727 1821 2759 non
1851 2714 1933 2759 fuit
1963 2714 2020 2758 de

184 2800 221 2830 ³5
239 2787 398 2842 Adam,
430 2800 514 2832 nec
544 2800 719 2833 carnem
749 2788 875 2832 traxit
905 2787 962 2832 de
991 2788 1145 2832 Maria.
1162 2803 1205 2832 33
1284 2787 1358 2831 Eo
1382 2799 1391 2809 ·
1415 2787 1611 2832 homine.
1632 2802 1674 2831 33
1765 2785 1839 2829 De
1871 2785 2020 2829 cuius

239 2859 439 2903 semine
468 2871 478 2881 ·
510 2859 686 2904 Poterat
721 2859 908 2904 dubitari
940 2871 965 2903 a
997 2859 1279 2915 quibusdam,
1322 2858 1378 2903 de
1410 2859 1536 2902 cuius
1576 2857 1748 2902 semine
1778 2856 1834 2900 sit
1865 2855 2019 2900 vestita

240 2928 457 2982 divinitas,
498 2929 692 2986 ideoque
722 2930 768 2973 id
809 2930 957 2987 ipsum
998 2930 1152 2987 repetit
1182 2934 1226 2974 et
1261 2929 1477 2985 recolligit
1507 2928 1679 2972 dicens:
1729 2930 1845 2971 ‘nam
1886 2926 1925 2970 si
1966 2937 2021 2970 ex

387 3092 431 3129 10
455 3092 609 3129 Dicebat
633 3093 715 3139 eta]
741 3093 781 3129 in
805 3093 880 3131 BU
900 3093 984 3130 eine
1009 3092 1147 3130 Glosse
1165 3095 1237 3138 far
1258 3093 1338 3130 sich
1506 3092 1549 3128 18
1573 3102 1639 3139 per
1664 3092 1820 3128 actionis
1847 3100 1959 3137 quam
1986 3089 2020 3127 C

243 3151 291 3188 23
316 3151 469 3188 Lemma
493 3152 532 3188 in
560 3150 594 3188 C
616 3151 668 3188 ist
690 3152 839 3188 Fuerit
934 3151 982 3189 30
1006 3154 1197 3189 sententiis
1224 3151 1258 3189 C
