2352 3568
374 254 457 300 102
1138 247 1176 285 ε.
1196 246 1237 284 κ.
1256 246 1370 289 nana,

161 400 316 434 numu
370 385 635 438 auctoritate,
668 384 711 429 in
743 382 965 440 allegoria,
1007 381 1050 425 in
1082 378 1335 424 auctoritate
1365 381 1410 422 et
1437 376 1482 422 in
1513 375 1736 434 allegoria,
1778 374 1891 420 sicut
1919 378 2007 420 tres
2037 373 2158 433 putei

369 469 485 515 quos
516 457 627 502 fodit
657 455 794 501 lsaac:
827 458 987 511 puteus
1007 450 1203 503 visionis,
1236 453 1396 507 puteus
1426 447 1669 502 iuramenti,
1701 450 1862 505 puteus
1881 446 2159 492 satietatis.oe

370 528 470 583 Qui
503 528 629 573 nihil
665 539 675 549 ·
709 527 820 571 sicut
853 530 955 570 sunt
986 522 1255 568 Christianae
1286 523 1520 579 praecepta
1551 518 1676 576 legis,
1709 530 1825 576 quae
1855 518 1953 564 sine
1984 516 2159 564 mistico

369 612 503 645 sensu
535 603 650 644 sunt.
671 615 713 642 εκ
773 595 1107 652 Allegoricus
1130 605 1140 616 ·
1165 592 1249 637 Hic
1280 596 1383 637 sunt
1412 596 1500 637 tres
1531 590 1651 649 putei
1673 602 1790 648 quos
1822 589 2020 635 misticus
2045 588 2160 636 fodit

332 671 489 719 slsaac
512 705 522 715 .
545 670 666 715 Sicut
705 669 749 713 in
787 668 862 712 illo
903 667 1006 711 ioco
1037 664 1224 722 (Matth.
1247 663 1319 717 21,
1342 663 1408 721 5):
1458 662 1598 708 ‘sedet
1633 661 1843 708 dominus
1874 672 2010 720 super
2038 659 2158 707 illam

370 743 536 787 asinam
559 746 601 785 et
622 740 790 798 pullum
813 738 952 783 filium
974 734 1247 793 subiugalis',
1270 734 1395 792 quod
1416 746 1509 780 non
1531 737 1678 792 potest
1699 745 1800 779 esse
1821 733 1939 779 iuxta
1959 731 2158 787 litteram,

371 818 415 857 ut
445 812 574 857 simul
606 822 739 868 super
770 815 1003 866 utrumque
1034 808 1200 853 sedeat.
1294 806 1516 864 Allegoria
1548 809 1616 851 est
1646 817 1715 851 res
1747 817 1862 863 quae
1892 804 2073 850 refertur
2101 802 2159 850 ad

369 885 474 929 alias
497 895 578 936 res,
611 894 725 939 quae
748 892 990 938 numquam
1012 883 1137 937 gesta
1159 883 1225 924 est
1246 890 1394 937 neque
1414 878 1507 936 geri
1529 878 1671 936 potuit
1692 876 1976 935 corporaliter
1996 910 2008 922 .
2029 874 2160 922 Verbi

368 955 522 1012 gratia:
568 954 610 998 in
644 953 743 1010 lege
775 951 849 1010 (cs.
872 950 1019 996 Exod.
1047 950 1115 1004 12,
1137 950 1184 1008 9)
1216 950 1473 1008 prohibetur
1512 961 1570 995 ne
1601 949 1702 1007 quis
1733 948 1918 994 crudum
1955 946 2064 1006 quid
2104 957 2160 992 ex

317 1045 350 1073 ιο
369 1038 487 1083 agno
522 1025 758 1070 comedant
788 1058 799 1069 .
831 1022 1166 1080 Numquidnam
1199 1034 1354 1067 carnes
1384 1021 1669 1067 comederant
1698 1019 1940 1078 aliquando
1970 1017 2159 1064 undas?

369 1098 489 1143 Sicut
519 1097 648 1142 etiam
681 1096 835 1141 dicitur
866 1094 940 1153 (cs.
963 1094 1063 1140 Luc.
1091 1095 1158 1148 ll,
1176 1093 1273 1151 51):
1305 1093 1538 1138 Zacharias
1570 1092 1679 1137 inter
1708 1091 1923 1149 templum
1955 1094 1999 1136 et
2028 1089 2160 1136 altare

369 1169 544 1214 occisus
566 1172 645 1222 est,
678 1180 779 1213 cum
812 1166 943 1212 altare
973 1166 1029 1211 sit
1049 1166 1157 1211 intra
1187 1165 1403 1223 templum
1427 1199 1437 1210 .
1461 1164 1507 1210 ln
1530 1165 1598 1209 his
1619 1163 1739 1209 enim
1771 1162 1930 1208 unicus
1960 1165 2006 1207 et
2033 1160 2160 1207 solus

370 1245 436 1286 est
451 1240 591 1286 exitus
607 1239 857 1297 allegoriae,
876 1251 967 1283 non
986 1238 1162 1283 litterae.
1177 1254 1219 1282 ss
1279 1237 1350 1282 Ex
1372 1237 1607 1293 utrisque
1626 1249 1635 1258 ·
1653 1235 1765 1280 sicut
1781 1234 1838 1279 de
1855 1232 2161 1279 immolatione

370 1312 490 1357 lsaac
519 1311 589 1356 vel
621 1311 677 1355 de
710 1310 852 1355 David
885 1314 926 1355 et
958 1309 1062 1355 Saul
1095 1344 1106 1354 .
1139 1308 1254 1354 Nam
1288 1308 1431 1354 David
1464 1307 1697 1357 Christum,
1743 1305 1848 1351 Saul
1890 1305 2054 1351 ludeos
2083 1304 2160 1351 de·

318 1399 352 1428 ιε
370 1384 515 1441 signat
543 1417 552 1427 .
585 1382 887 1439 Interpretatur
907 1385 1052 1426 autem
1085 1380 1228 1426 David
1257 1392 1389 1425 manu
1417 1379 1541 1424 tortis
1562 1379 1631 1423 vel
1654 1378 1752 1423 visu
1785 1375 2160 1422 desiderabilis.ea

371 1454 547 1499 incola
579 1453 809 1511 paradisi
841 1452 934 1498 ·Ut
965 1453 1100 1497 nostri
1133 1452 1339 1497 doctores
1371 1451 1535 1504 dicunt,
1567 1450 1708 1507 longo
1739 1454 1941 1507 tempore
1961 1452 2006 1494 et
2030 1446 2160 1493 anuis

371 1526 518 1570 multis
549 1524 692 1569 Adam
726 1524 885 1569 mansit
921 1524 964 1568 in
997 1524 1217 1581 paradis0,
1260 1534 1407 1580 neque
1438 1522 1580 1567 statim
1614 1526 1660 1566 ut
1691 1525 1861 1566 creatus
1891 1523 1960 1565 est
1989 1518 2160 1573 cecidit,

370 1598 482 1641 sicut
508 1596 713 1641 diabolus
737 1630 747 1641 .
771 1596 832 1640 llli
854 1600 1000 1640 autem
1023 1595 1126 1640 anni
1147 1593 1483 1646 DCCCCLXlll,
1506 1605 1623 1651 quos
1643 1591 1787 1637 Adam
1809 1591 1971 1637 vixisse
1991 1590 2161 1643 dicitur,

371 1673 473 1726 post
504 1668 677 1726 lapsum
709 1668 766 1713 de
798 1667 1005 1726 paradiso
1036 1671 1348 1725 supputantur;
1393 1670 1502 1723 quot
1533 1677 1640 1710 vero
1671 1664 1800 1710 annis
1830 1667 1932 1709 ante
1962 1662 2008 1708 in
2038 1673 2162 1720 para-

315 1754 352 1784 20
370 1740 470 1785 diso
491 1740 656 1794 vixerit,
690 1739 836 1784 nullus
857 1738 1105 1783 mortalium
1128 1738 1264 1783 novit.
1286 1754 1330 1783 ss
1380 1737 1630 1783 Seclusus
1653 1748 1663 1759 ·
1686 1736 1792 1781 Non
1813 1734 1960 1780 solum
1981 1733 2163 1787 eiectus,

371 1812 450 1856 sed
483 1811 612 1856 etiam
644 1810 905 1868 longissime
937 1810 1149 1867 expulsus
1180 1814 1259 1863 est,
1301 1821 1358 1854 ne
1396 1813 1551 1867 posset
1581 1808 1722 1853 redire
1753 1808 1797 1852 in
1830 1806 2099 1865 paradisum.
2120 1820 2164 1851 sa

370 1881 680 1927 Transmisit
707 1893 717 1905 ·
748 1882 849 1939 quia
881 1882 994 1926 sicut
1025 1881 1097 1926 ille
1129 1881 1325 1926 mortalis
1356 1881 1496 1925 factus
1528 1884 1607 1933 est,
1650 1880 1706 1924 ita
1738 1878 1945 1924 mortales
1981 1889 2164 1937 genera·

371 1954 444 1999 vit.
466 1971 508 1998 ss
611 1953 891 2011 Corruptio
915 1965 925 1975 ·
949 1952 1182 2010 Corruptio
1213 1964 1449 2010 corporum
1482 1956 1549 1997 est
1579 1951 1780 2009 languor,
1818 1950 2042 2008 corruptio
2072 1949 2165 1995 ani·

373 2037 539 2069 marum
573 2029 817 2083 peccatum.
839 2040 882 2068 ss
951 2024 1201 2069 Probaret
1232 2024 1281 2068 in
1314 2023 1503 2069 subole
1525 2035 1536 2046 ·
1560 2022 1793 2078 Quaedam
1826 2034 1896 2067 res
1928 2021 2087 2068 melius
2117 2020 2163 2066 in

317 2096 467 2141 asaliis
499 2108 631 2153 quam
665 2096 708 2141 in
741 2108 790 2140 se
831 2095 940 2153 ipsis
981 2099 1171 2153 possunt
1202 2095 1400 2152 experiri,
1432 2095 1545 2139 sicut
1582 2107 1702 2140 mors
1734 2129 1744 2139 .
1779 2093 1827 2139 Si
1868 2092 1987 2139 enim
2018 2091 2164 2137 Adam

372 2172 526 2212 ‹ante›
559 2167 695 2211 filium
728 2179 858 2211 suum
892 2171 1143 2220 moreretur,
1185 2166 1382 2223 quodam
1416 2165 1555 2211 modo
1588 2165 1782 2210 moriens
1815 2164 1967 2210 mortis
1997 2162 2165 2222 suppli-

371 2238 487 2284 cium
519 2251 611 2284 non
650 2238 781 2296 plane
812 2238 1020 2283 sentiret.
1045 2237 1163 2295 Ergo
1195 2238 1302 2282 vidit
1333 2238 1429 2295 ipse
1470 2242 1592 2295 pater
1623 2241 1808 2282 mortem
1849 2235 1927 2281 filii
1957 2233 2086 2289 Abel,
2116 2236 2166 2280 ut

373 2321 451 2367 per
481 2310 568 2354 hoc
600 2308 829 2367 dupliciter
868 2310 1092 2367 puniretur
1123 2313 1165 2353 et
1205 2308 1483 2366 expectando
1524 2308 1679 2353 fortius
1718 2311 1993 2365 torqueretur
2031 2310 2165 2364 atque

373 2381 660 2426 commissum
693 2384 1033 2437 recognosceret
1063 2380 1246 2425 facinus.
1281 2396 1322 2424 ss
1441 2379 1821 2438 Expectatione
1853 2391 1863 2402 ·
1896 2377 2029 2424 Aliud
2060 2389 2166 2437 sup-

318 2452 552 2510 aoplicium
585 2456 663 2505 est,
696 2451 814 2496 aliud
847 2452 1092 2509 expectatio
1123 2451 1363 2509 supplicii.
1388 2451 1435 2496 ln
1468 2451 1775 2509 expectatione
1807 2450 1926 2496 enim
1958 2449 2165 2508 supplicii

374 2522 537 2581 duplex
569 2534 715 2581 poena
746 2527 826 2576 est,
868 2523 970 2580 quia
1001 2524 1189 2576 animuS,
1231 2523 1338 2567 dum
1370 2527 1586 2568 tormenta
1618 2527 1832 2580 expectat,
1872 2533 2051 2580 semper
2079 2524 2166 2567 tor·

375 2598 530 2651 quetur
584 2594 908 2651 expectatione,
965 2594 1252 2651 postmodum
1310 2594 1411 2652 ipso
1466 2594 1688 2651 supplicio
1743 2592 2040 2650 torquendum
2096 2597 2165 2638 est

375 2676 551 2723 corpus.
571 2680 614 2710 ss
674 2664 921 2722 Pelagius
943 2677 953 2687 ·
978 2665 1183 2722 Pelagius
1215 2677 1430 2710 monacus
1461 2665 1540 2709 fuit
1560 2670 1602 2710 et
1633 2665 1811 2710 natione
1842 2664 1993 2717 Britto,
2023 2675 2050 2709 a
2070 2675 2165 2721 quo

522 2807 536 2843 l
578 2807 789 2844 auctoritate
826 2810 861 2844 et
905 2808 942 2844 in
980 2807 1154 2855 allegoria
1191 2806 1247 2847 M.
1297 2808 1508 2844 auctoritate
1554 2808 1762 2844 testamenti
1810 2809 1847 2844 ln
1893 2807 2069 2855 allegoria
2105 2805 2170 2843 ΛΡ

374 2865 400 2904 5
421 2864 523 2904 Sicut
546 2865 629 2913 cml
654 2867 716 2903 als
741 2864 879 2904 Glosse
897 2866 969 2912 sar
990 2866 1071 2903 siclt
1097 2866 1135 2903 tn
1162 2865 1231 2905 BR
1370 2866 1412 2903 12
1438 2868 1549 2903 unius
1576 2866 1637 2903 LF
1765 2866 1819 2903 14.
1849 2866 1893 2904 15
1918 2866 2090 2915 designat
2115 2864 2161 2907 Β.

375 2925 558 2974 significat
582 2924 627 2966 R.
661 2926 844 2974 significat
869 2926 928 2963 vel
963 2926 1132 2973 designat
1157 2925 1219 2962 LF
1336 2925 1381 2963 24
1408 2926 1589 2972 quaedam
1616 2946 1662 2952 —-
1688 2925 1735 2963 29
1760 2927 2003 2963 commissum
2040 2923 2165 2963 ΜΒ

378 2984 722 3034 (weggesmnluen)
874 2984 923 3023 33
947 2984 1055 3022 LMF
1073 2985 1193 3033 geben
1218 2996 1267 3021 zu
1293 2984 1484 3030 Quidam
1514 2986 1699 3033 folgende
1724 2984 1879 3023 Glosse:
1922 2986 1994 3023 iate
2017 2984 2166 3023 dicebat

377 3045 463 3091 quia
500 3054 575 3082 non
614 3048 688 3082 erat
725 3045 903 3093 originale
935 3048 1125 3093 peccatum
1163 3048 1198 3082 et
1233 3055 1308 3081 non
1346 3046 1421 3082 erat
1457 3055 1611 3082 necesse
1649 3049 1687 3082 ut
1721 3046 1821 3082 iilius
1855 3044 2099 3092 baptizaretur
2130 3044 2163 3081 si

377 3113 398 3140 a
440 3107 541 3151 patre
582 3104 768 3151 baptizato
810 3105 1038 3141 nascebatur.
1106 3103 1180 3141 Die
1222 3105 1295 3150 aus
1335 3104 1362 3141 Ρ
1376 3115 1396 3141 e
1410 3105 1420 3141 1
1435 3114 1455 3141 a
1468 3107 1556 3152 giu
1570 3115 1589 3141 s
1632 3106 1851 3153 betagliche
1888 3103 2027 3143 610⁸oe
2059 3104 2166 3141 steht

377 3163 417 3200 in
450 3161 561 3205 BLF:
596 3162 631 3200 Β
659 3163 743 3211 gibt
772 3164 908 3209 semer
941 3163 1025 3200 eine
1059 3163 1170 3211 elgne
1207 3162 1362 3201 Glosse:
1398 3163 1550 3207 Eirieus,
1588 3164 1758 3213 Pelagius
1796 3164 1947 3211 quidam
1985 3173 2079 3201 vana
2115 3162 2165 3201 de
