2352 3568
968 275 1156 312 Johannes
1181 273 1339 312 Scottus.
1981 280 2038 324 53

256 409 454 450 nostrum
486 417 600 460 esse,
633 406 757 464 quod
789 411 856 451 est
886 407 1187 464 compositum
1228 410 1272 451 et
1310 406 1367 451 ad
1399 406 1507 451 illud
1540 407 1766 464 exemplar
1795 408 1918 465 quod
1958 409 2039 453 fuit

255 477 300 520 in
331 481 480 521 mente
511 477 583 521 dei
615 482 822 522 creatum.
844 494 887 522 33

394 548 498 593 V111.
537 548 848 606 Composito
872 560 882 570 ·
906 547 1044 594 Omni
1075 549 1136 593 rei
1167 560 1283 605 quae
1304 561 1359 593 ex
1389 549 1586 606 partibus
1618 553 1792 594 constat
1823 549 1942 594 aliud
1974 555 2041 594 est

254 619 352 676 ipsa
383 631 453 664 res
483 624 526 664 et
557 620 676 664 aliud
716 624 820 664 sunt
859 625 1004 677 partes
1044 620 1140 664 eius
1180 632 1235 664 ex
1273 620 1437 677 quibus
1469 624 1642 665 constat
1672 655 1682 665 .
1713 621 1843 665 Verbi
1879 622 2037 678 gratia:

214 705 233 734 s
253 691 393 735 homo
423 690 544 735 aliud
584 694 651 735 est
690 694 734 735 et
773 691 892 735 aliud
924 691 1020 735 eius
1052 703 1165 745 esse,
1197 691 1242 735 id
1274 695 1342 736 est
1380 692 1528 736 anima
1566 696 1611 736 et
1640 704 1803 749 corpus
1835 726 1845 736 .
1876 692 2037 749 Neque

249 761 368 806 enim
400 765 468 806 est
496 761 636 811 homo
666 761 814 805 solum
846 773 1009 818 corpus
1030 762 1100 806 vel
1132 762 1279 806 solum
1312 763 1473 816 anima,
1504 762 1585 807 sed
1617 774 1780 820 corpus
1811 767 1855 807 et
1885 763 2034 807 anima

248 832 380 876 simul
412 844 528 876 unus
568 832 707 876 homo
739 866 749 876 .
781 832 914 888 Igitur
952 832 1071 877 aliud
1109 837 1176 877 est
1205 845 1306 878 esse
1347 834 1555 887 hominis,
1597 834 1717 879 aliud
1757 834 1855 892 ipse
1896 835 2035 879 homo

250 907 330 948 est.
363 919 406 948 33

392 973 461 1018 ΙΧ.
506 973 810 1018 Similitudo
846 986 856 996 ·
892 974 1011 1031 Ergo
1048 975 1197 1019 omnis
1240 980 1433 1020 creatura
1478 976 1599 1021 bona
1636 976 1740 1033 quia
1776 977 1833 1021 ad
1876 976 2034 1030 simile,

197 1045 337 1090 roboc
367 1049 435 1089 est
475 1045 532 1089 ad
576 1045 761 1098 bonum,
803 1045 956 1090 tendit.
986 1061 1028 1090 33
1148 1045 1437 1090 Sufficiunt
1473 1058 1483 1068 ·
1523 1047 1580 1090 ad
1628 1059 1680 1091 ea
1724 1059 1839 1104 quae
1886 1059 2037 1092 neces-

248 1116 362 1160 saria
406 1119 510 1160 sunt
551 1115 597 1160 in
638 1116 943 1172 sequentibus.
975 1132 1018 1160 33
1147 1116 1433 1173 Interprete
1468 1129 1478 1139 ·
1513 1117 1559 1161 id
1593 1121 1661 1161 est
1692 1118 1959 1174 expositore.
1994 1135 2037 1164 33

249 1187 672 1244 Unumquodque
707 1199 718 1210 ·
752 1200 788 1231 s.
823 1187 1167 1244 praemissorum
1211 1188 1518 1244 capitulorum.
1551 1201 1595 1232 33
1757 1188 1829 1233 Ea
1870 1201 1880 1211 ·
1919 1189 2035 1234 Satis

249 1258 435 1315 provide
486 1262 530 1302 et
578 1271 678 1302 cum
737 1271 901 1315 magna
955 1258 1125 1303 cautela
1177 1258 1369 1315 legenda
1419 1263 1524 1303 sunt
1572 1271 1624 1303 ea
1677 1271 1793 1316 quae
1843 1259 1915 1304 hic
1970 1273 2036 1304 se-

248 1333 458 1386 quuntur,
524 1330 629 1386 quia
687 1329 798 1374 falsa
859 1333 1118 1386 argumenta
1169 1330 1285 1374 veris
1346 1330 1560 1386 permixta
1609 1334 1732 1384 sunt,
1794 1342 1910 1387 quae
1960 1331 2035 1375 ab·

196 1414 230 1443 15
248 1400 438 1445 invicem
471 1401 675 1457 prudenti
705 1401 871 1445 iudicio
903 1401 1182 1457 segreganda
1212 1404 1316 1444 sunt
1349 1435 1359 1444 .
1395 1400 1461 1444 Ex
1493 1401 1577 1445 hac
1609 1406 1756 1446 autem
1789 1401 2034 1446 novissima

249 1471 548 1528 conceptione
590 1472 725 1516 sumit
766 1472 997 1516 exordium
1029 1471 1437 1528 argumentationis
1471 1488 1514 1516 33
1638 1472 1793 1517 Bona
1828 1484 1839 1494 ·
1872 1473 2031 1517 Verum

249 1547 329 1587 est.
359 1559 402 1587 33
527 1542 942 1600 Participatione
973 1555 984 1564 ·
1016 1543 1061 1586 id
1105 1547 1172 1586 est
1214 1555 1293 1599 per
1334 1543 1555 1587 accidens.
1586 1559 1629 1588 33
1749 1543 2040 1600 Participa-

248 1614 393 1658 tione
435 1625 445 1636 ·
489 1618 536 1658 ut
589 1614 795 1658 videlicet
848 1614 1080 1658 albedinis.
1118 1630 1160 1659 33
1310 1614 1636 1658 Concessum
1685 1626 1695 1636 ·
1741 1615 1922 1658 tendere
1977 1615 2034 1659 ad

247 1685 433 1729 bonurn.
454 1701 497 1729 33
557 1685 974 1742 Participatione
996 1697 1006 1708 ·
1030 1686 1153 1730 boni.
1175 1701 1218 1730 33
1278 1685 1586 1730 Substantia
1609 1697 1618 1707 ·
1642 1685 1744 1730 Hoc
1764 1685 1928 1729 falsum
1951 1690 2030 1730 est.

193 1755 528 1800 zoSubstantiae
559 1757 741 1813 quidem
773 1757 921 1801 bonae
951 1761 1055 1800 sunt
1085 1756 1130 1800 in
1162 1768 1218 1800 eo
1251 1756 1375 1813 quod
1407 1761 1522 1810 sunt,
1560 1757 1640 1800 sed
1673 1769 1765 1801 non
1797 1761 1901 1800 sunt
1930 1757 2033 1801 sub-

245 1827 463 1871 stantialia
493 1839 639 1884 neque
670 1828 1012 1872 substantialiter
1041 1828 1176 1872 bona.
1199 1844 1241 1871 33
1321 1827 1627 1872 Substantia
1650 1839 1661 1849 ·
1683 1827 1797 1871 sicut
1828 1828 2029 1871 omnium

246 1902 550 1943 creaturarum.
569 1915 612 1943 33
672 1898 724 1943 Id
757 1899 898 1955 quod
930 1903 1051 1942 sunt
1073 1910 1083 1920 ·
1106 1899 1151 1942 id
1173 1902 1240 1942 est
1261 1898 1384 1955 quod
1417 1898 1538 1942 bona
1559 1902 1662 1942 sunt
1684 1933 1694 1942 .
1718 1897 1885 1943 Omnia
1917 1910 2031 1954 quae

246 1973 349 2013 sunt
378 1981 433 2014 ex
463 1981 563 2014 esse
585 1969 657 2014 dei
684 1970 1008 2014 descenderunt
1029 2004 1039 2014 .
1063 1969 1196 2026 Ergo,
1220 1970 1324 2026 quia
1346 1970 1402 2013 ab
1425 1981 1481 2014 eo
1503 1969 1781 2013 defluxerunt
1800 1973 1848 2012 ut
1868 1973 2030 2022 essent,

246 2040 368 2085 bona
397 2045 502 2084 sunt
530 2041 575 2084 in
607 2053 664 2085 eo
696 2041 820 2098 quod
850 2045 967 2085 sunt.
989 2057 1031 2085 33
1129 2040 1259 2084 Esse
1282 2052 1292 2062 ·
1314 2053 1350 2085 s.
1374 2040 1459 2084 dei.
1481 2056 1523 2084 33
1614 2040 1816 2084 Bonum
1839 2051 1850 2061 ·
1872 2039 2031 2083 Verum

193 2116 327 2165 25est,
358 2112 463 2168 quia
493 2124 519 2156 a
549 2123 655 2156 vero
688 2116 731 2156 et
761 2112 886 2156 bono
918 2123 1019 2156 esse
1049 2111 1183 2156 venit.
1205 2127 1247 2156 33
1341 2111 1471 2154 Esse
1494 2122 1504 2133 ·
1526 2123 1620 2155 non
1650 2115 1799 2154 tamen
1830 2110 2033 2154 substan-

245 2182 420 2226 tialiter:
453 2186 497 2226 et
526 2182 608 2226 ista
639 2182 832 2226 dicendo
865 2182 1091 2226 concludit
1120 2194 1236 2226 vera.
1258 2197 1300 2225 33
1399 2181 1527 2225 Esse
1550 2193 1560 2202 ·
1583 2180 1710 2224 sicuti
1743 2184 1823 2224 est.
1846 2197 1889 2225 33
1979 2181 2031 2224 In

247 2265 309 2297 eo
340 2253 482 2309 quod
512 2257 666 2297 sunt·
687 2253 846 2296 Verum
869 2257 949 2297 est.
970 2269 1013 2297 33
1074 2253 1165 2296 Est
1195 2264 1312 2296 esse
1335 2264 1346 2274 ·
1369 2252 1470 2296 Hoc
1500 2252 1661 2296 falsum
1693 2255 1773 2295 est.
1794 2267 1837 2295 33
1898 2251 2030 2296 Sub-

246 2323 540 2368 stantialia·
563 2323 686 2380 quod
717 2327 761 2367 et
791 2324 878 2368 hoc
907 2324 1069 2368 falsum
1101 2328 1181 2368 est.
1202 2339 1244 2368 33
1317 2323 1370 2367 In
1402 2323 1479 2367 eis
1502 2335 1512 2344 ·
1536 2322 1754 2366 creaturis.
1779 2335 1825 2364 33
1899 2322 2031 2367 Sub·

247 2394 515 2439 stantialia
537 2407 547 2417 ·
571 2394 693 2451 quod
725 2398 874 2439 tamen
904 2407 997 2439 non
1029 2399 1144 2439 sunt.
1166 2411 1209 2439 33
1328 2394 1443 2439 Sint
1473 2394 1612 2438 bona
1635 2406 1645 2415 ·
1668 2393 1846 2437 Falsum
1878 2398 1957 2438 est.
1990 2410 2032 2438 33

192 2479 230 2508 ao
247 2465 420 2522 Ipsum
451 2465 648 2510 bonum
672 2477 682 2487 ·
705 2465 828 2522 quod
860 2466 1014 2522 nequit
1043 2465 1151 2510 fieri.
1174 2482 1216 2510 33
1276 2465 1390 2509 Illi·
1412 2477 1448 2509 s,
1471 2465 1615 2522 primo
1636 2465 1776 2509 bono.
1798 2480 1841 2508 33
1901 2464 2031 2509 Sub·

247 2536 516 2580 stantialia
538 2548 549 2558 ·
570 2536 728 2580 Verum
750 2541 830 2581 est.
852 2553 894 2581 33
954 2536 1044 2581 Est
1071 2537 1264 2581 bonum
1288 2548 1299 2559 ·
1322 2536 1500 2580 Falsum
1523 2540 1602 2580 est.
1624 2552 1666 2581 33
1727 2536 1779 2579 In
1803 2548 1865 2580 eo
1887 2536 2029 2592 quod

247 2611 401 2650 sunt·
423 2606 601 2651 Falsum
634 2611 702 2651 est
725 2642 736 2651 .
758 2606 835 2651 Ad
866 2608 1061 2652 bonum
1093 2608 1369 2652 tenderent
1402 2619 1412 2629 ·
1447 2607 1532 2651 nisi
1564 2607 1872 2664 participarent
1902 2607 2029 2650 boni-

246 2681 396 2722 tatem.
417 2694 459 2722 33
568 2678 730 2723 Nullo
762 2679 920 2723 modo
952 2679 1113 2736 igitur
1141 2683 1263 2722 sunt
1292 2679 1431 2723 bona
1454 2690 1464 2700 ·
1487 2678 1603 2722 Falsi
1634 2682 1839 2734 sumptus
1870 2677 2027 2721 falsam

246 2748 444 2793 fecerunt
473 2749 823 2794 conclusionem.
845 2766 888 2794 33
977 2749 1112 2794 ‘Actu
1136 2762 1146 2772 ·
1169 2761 1305 2807 opere
1329 2784 1339 2794 .
1361 2749 1408 2793 In
1440 2749 1702 2806 corporibus
1733 2748 1904 2804 figurae
1935 2761 2028 2792 non

192 2832 229 2861 35
247 2823 438 2876 possunt
482 2833 508 2864 a
552 2821 732 2865 materia
771 2822 976 2878 separari.
1007 2838 1049 2866 33
1167 2821 1507 2878 Triangulum
1541 2833 1551 2842 ·
1582 2820 1757 2876 trigona
1799 2820 1956 2876 figura.
1986 2836 2028 2864 33

249 2889 420 2946 Ipsum
443 2903 454 2913 ·
476 2891 521 2935 id
543 2895 610 2935 est
630 2904 731 2936 cum
754 2892 1029 2948 corporalem
1052 2905 1142 2936 rem
1166 2892 1500 2937 consideramus
1522 2895 1683 2935 mente.
1705 2894 1762 2934 33
1792 2890 2025 2934 Praeter·

248 2961 358 3004 sine.
380 2977 422 3005 33
480 2961 828 3006 Amoveamus
851 2974 861 2984 ·
884 2963 985 3011 Hoc
1006 2963 1063 3007 ad
1084 2963 1192 3006 illud
1215 2963 1403 3019 respicit,
1437 2961 1560 3018 quod
1591 2960 1828 3018 praemisit,
1860 2960 2027 3004 scilicet

390 3066 414 3102 3
438 3066 538 3103 aliud
557 3088 598 3092 —
616 3067 641 3102 4
665 3070 806 3103 constat
830 3076 903 3103 om.
923 3066 957 3104 C
1036 3068 1084 3104 20
1107 3067 1340 3104 Substantiae
1358 3087 1402 3093 -—-
1420 3066 1462 3102 21
1483 3067 1582 3102 bona
1608 3075 1680 3101 om.
1700 3064 1805 3100 TMF
1872 3065 1919 3101 24
1943 3065 2026 3101 Bo-

248 3136 349 3162 num
365 3146 412 3151 —
429 3124 476 3162 25
491 3127 592 3162 venit
616 3135 688 3162 om.
709 3124 743 3162 C
828 3125 875 3162 26
900 3129 935 3162 et
958 3146 1006 3151 —
1029 3136 1115 3162 vera
1140 3136 1214 3162 om.
1234 3125 1268 3162 C
1359 3125 1406 3161 37
1432 3126 1513 3160 sine
1537 3124 1719 3171 significat
1742 3123 1782 3164 F,
1808 3125 1890 3160 sine
1914 3125 2026 3172 signi-

192 3192 195 3194 ·
248 3185 419 3221 ficatione
445 3184 517 3220 TM
