<?xml version="1.0" encoding="UTF-8"?>
<!DOCTYPE html PUBLIC "-//W3C//DTD XHTML 1.0 Transitional//EN"
    "http://www.w3.org/TR/xhtml1/DTD/xhtml1-transitional.dtd">
<html xmlns="http://www.w3.org/1999/xhtml" xml:lang="en" lang="en">
 <head>
  <title>
</title>
<meta http-equiv="Content-Type" content="text/html;charset=utf-8" />
  <meta name='ocr-system' content='tesseract 3.04.00' />
  <meta name='ocr-capabilities' content='ocr_page ocr_carea ocr_par ocr_line ocrx_word'/>
</head>
<body>
  <div class='ocr_page' id='page_1' title='image "./johannesscottus00rand/johannesscottus00rand_0033.png"; bbox 0 0 2352 3568; ppageno 0'>
   <div class='ocr_carea' id='block_1_1' title="bbox 0 0 55 2042">
    <p class='ocr_par' dir='ltr' id='par_1_1' title="bbox 0 0 55 2042">
     <span class='ocr_line' id='line_1_1' title="bbox 0 0 55 2042; baseline 0 0"><span class='ocrx_word' id='word_1_1' title='bbox 0 0 55 2042; x_wconf 95' lang='lat' dir='ltr'><em> </em></span> 
     </span>
    </p>
   </div>
   <div class='ocr_carea' id='block_1_2' title="bbox 0 2 54 2576">
    <p class='ocr_par' dir='ltr' id='par_1_2' title="bbox 0 2 54 2576">
     <span class='ocr_line' id='line_1_2' title="bbox 0 266 15 2074; textangle 90"><span class='ocrx_word' id='word_1_2' title='bbox 10 2026 14 2074; x_wconf 70' lang='grc'><em>.,,</em></span> <span class='ocrx_word' id='word_1_3' title='bbox 12 1954 14 1970; x_wconf 96' lang='grc'><em>.,</em></span> <span class='ocrx_word' id='word_1_4' title='bbox 10 1918 15 1925; x_wconf 65' lang='grc'><em>,.</em></span> <span class='ocrx_word' id='word_1_5' title='bbox 12 1800 14 1802; x_wconf 78' lang='grc'>,</span> <span class='ocrx_word' id='word_1_6' title='bbox 2 1714 11 1741; x_wconf 45' lang='lat' dir='ltr'><em>*w</em></span> <span class='ocrx_word' id='word_1_7' title='bbox 0 1628 14 1657; x_wconf 27' lang='grc' dir='ltr'><em>ῥ’</em></span> <span class='ocrx_word' id='word_1_8' title='bbox 0 1310 14 1603; x_wconf 31' lang='grc' dir='ltr'><em>ν·1,,1,ᾼ,.“</em></span> <span class='ocrx_word' id='word_1_9' title='bbox 1 1274 7 1289; x_wconf 53' lang='lat'><em>2¹</em></span> <span class='ocrx_word' id='word_1_10' title='bbox 2 1244 13 1253; x_wconf 52' lang='lat' dir='ltr'><em>‚n</em></span> <span class='ocrx_word' id='word_1_11' title='bbox 6 1194 14 1205; x_wconf 51' lang='lat'><em>„2</em></span> <span class='ocrx_word' id='word_1_12' title='bbox 1 1134 14 1158; x_wconf 42' lang='grc' dir='ltr'><em>«Α,</em></span> <span class='ocrx_word' id='word_1_13' title='bbox 5 1088 7 1090; x_wconf 87' lang='lat'>·</span> <span class='ocrx_word' id='word_1_14' title='bbox 1 1014 9 1056; x_wconf 90' lang='grc'>-</span> <span class='ocrx_word' id='word_1_15' title='bbox 6 772 9 788; x_wconf 78' lang='lat'><em>·-</em></span> <span class='ocrx_word' id='word_1_16' title='bbox 0 611 12 742; x_wconf 34' lang='lat' dir='ltr'><em>m&#39;ffs-aen</em></span> <span class='ocrx_word' id='word_1_17' title='bbox 0 375 12 534; x_wconf 43' lang='lat' dir='ltr'><em>*Q*</em></span> <span class='ocrx_word' id='word_1_18' title='bbox 0 266 12 287; x_wconf 68' lang='lat'><em>,¹</em></span> 
     </span>
     <span class='ocr_line' id='line_1_3' title="bbox 7 2 54 2576; textangle 90"><span class='ocrx_word' id='word_1_19' title='bbox 12 2034 54 2576; x_wconf 37' lang='lat' dir='ltr'><em>Mi-WQRQYQanQ‘QQEQJ-ffiffivffl</em></span> <span class='ocrx_word' id='word_1_20' title='bbox 43 1947 53 1982; x_wconf 47' lang='lat'><em>-</em></span> <span class='ocrx_word' id='word_1_21' title='bbox 38 1907 45 1924; x_wconf 76' lang='lat'><em>..</em></span> <span class='ocrx_word' id='word_1_22' title='bbox 16 1880 41 1886; x_wconf 56' lang='lat'><em>‘1</em></span> <span class='ocrx_word' id='word_1_23' title='bbox 34 1855 36 1857; x_wconf 44' lang='lat' dir='ltr'>v</span> <span class='ocrx_word' id='word_1_24' title='bbox 11 1800 49 1839; x_wconf 58' lang='lat' dir='ltr'><em>iss}</em></span> <span class='ocrx_word' id='word_1_25' title='bbox 12 1642 47 1780; x_wconf 32' lang='lat'><em>&#39;‘²¹.22¹=⁴-</em></span> <span class='ocrx_word' id='word_1_26' title='bbox 7 1371 51 1630; x_wconf 40' lang='lat' dir='ltr'><em>›e&#39;rff‘ff</em></span> <span class='ocrx_word' id='word_1_27' title='bbox 12 1266 48 1349; x_wconf 39' lang='lat' dir='ltr'><em>J‘fss‘.</em></span> <span class='ocrx_word' id='word_1_28' title='bbox 11 1191 43 1243; x_wconf 42' lang='lat'><em>3³:2³1</em></span> <span class='ocrx_word' id='word_1_29' title='bbox 11 1049 45 1175; x_wconf 43' lang='lat' dir='ltr'><em>&#39;Tf‚‘3.’&#39;&#39;&#39;13“·&#39;&#39;s3</em></span> <span class='ocrx_word' id='word_1_30' title='bbox 11 998 39 1035; x_wconf 90' lang='grc' dir='ltr'><em>»ξφ</em></span> <span class='ocrx_word' id='word_1_31' title='bbox 14 941 40 983; x_wconf 45' lang='grc' dir='ltr'><em>ψ]</em></span> <span class='ocrx_word' id='word_1_32' title='bbox 11 874 41 918; x_wconf 57' lang='lat'><em>3⁹¹5,</em></span> <span class='ocrx_word' id='word_1_33' title='bbox 14 786 36 858; x_wconf 39' lang='grc' dir='ltr'><em>’,ςζζικ</em></span> <span class='ocrx_word' id='word_1_34' title='bbox 16 708 37 752; x_wconf 99' lang='grc' dir='ltr'><em>Γ*</em></span> <span class='ocrx_word' id='word_1_35' title='bbox 9 577 45 691; x_wconf 19' lang='grc' dir='ltr'><em>*[’,ξ-ξιρξῇῗῐ-</em></span> <span class='ocrx_word' id='word_1_36' title='bbox 10 451 39 513; x_wconf 26' lang='lat'><em>‘&#39;³‘&#39;</em></span> <span class='ocrx_word' id='word_1_37' title='bbox 11 393 13 396; x_wconf 58' lang='lat'><em>⁷</em></span> <span class='ocrx_word' id='word_1_38' title='bbox 35 378 38 379; x_wconf 22' lang='grc' dir='ltr'><strong><em>ξ</em></strong></span> <span class='ocrx_word' id='word_1_39' title='bbox 22 330 40 349; x_wconf 26' lang='lat' dir='ltr'><em>fi,</em></span> <span class='ocrx_word' id='word_1_40' title='bbox 22 238 35 270; x_wconf 32' lang='grc'><em>,4,</em></span> <span class='ocrx_word' id='word_1_41' title='bbox 21 211 39 226; x_wconf 67' lang='lat'><em>⁴:</em></span> <span class='ocrx_word' id='word_1_42' title='bbox 25 182 33 190; x_wconf 79' lang='lat'><em>,-</em></span> <span class='ocrx_word' id='word_1_43' title='bbox 35 162 39 163; x_wconf 27' lang='grc' dir='ltr'><strong><em>ξ</em></strong></span> <span class='ocrx_word' id='word_1_44' title='bbox 21 54 43 85; x_wconf 26' lang='grc' dir='ltr'><em>,ᾗ</em></span> <span class='ocrx_word' id='word_1_45' title='bbox 34 2 39 3; x_wconf 30' lang='grc' dir='ltr'><strong><em>ξ</em></strong></span> 
     </span>
    </p>
   </div>
   <div class='ocr_carea' id='block_1_3' title="bbox 0 3438 80 3568">
    <p class='ocr_par' dir='ltr' id='par_1_3' title="bbox 0 3438 80 3568">
     <span class='ocr_line' id='line_1_4' title="bbox 0 3438 80 3568; baseline 0 0"><span class='ocrx_word' id='word_1_46' title='bbox 0 3438 80 3568; x_wconf 95' lang='lat' dir='ltr'><em> </em></span> 
     </span>
    </p>
   </div>
   <div class='ocr_carea' id='block_1_4' title="bbox 912 260 1983 309">
    <p class='ocr_par' dir='ltr' id='par_1_4' title="bbox 912 260 1983 309">
     <span class='ocr_line' id='line_1_5' title="bbox 912 260 1983 309; baseline -0.003 -10"><span class='ocrx_word' id='word_1_47' title='bbox 912 262 1101 299; x_wconf 65' lang='lat' dir='ltr'><em>,lohannes</em></span> <span class='ocrx_word' id='word_1_48' title='bbox 1125 260 1285 299; x_wconf 83' lang='lat' dir='ltr'><strong>Scottus.</strong></span> <span class='ocrx_word' id='word_1_49' title='bbox 1931 265 1983 309; x_wconf 90' lang='lat'><em>13</em></span> 
     </span>
    </p>
   </div>
   <div class='ocr_carea' id='block_1_5' title="bbox 199 393 1983 452">
    <p class='ocr_par' dir='ltr' id='par_1_5' title="bbox 199 393 1983 452">
     <span class='ocr_line' id='line_1_6' title="bbox 199 393 1983 452; baseline -0.001 -13"><span class='ocrx_word' id='word_1_50' title='bbox 199 394 318 439; x_wconf 87' lang='lat' dir='ltr'><em>kann</em></span> <span class='ocrx_word' id='word_1_51' title='bbox 339 407 420 439; x_wconf 87' lang='lat' dir='ltr'><em>aus</em></span> <span class='ocrx_word' id='word_1_52' title='bbox 441 395 596 439; x_wconf 89' lang='lat' dir='ltr'><em>seinen</em></span> <span class='ocrx_word' id='word_1_53' title='bbox 616 393 1009 452; x_wconf 68' lang='lat' dir='ltr'><em>Anmerkungem)</em></span> <span class='ocrx_word' id='word_1_54' title='bbox 1037 406 1092 438; x_wconf 87' lang='lat' dir='ltr'><em>zu</em></span> <span class='ocrx_word' id='word_1_55' title='bbox 1114 393 1163 438; x_wconf 84' lang='grc' dir='ltr'><em>Ρ.</em></span> <span class='ocrx_word' id='word_1_56' title='bbox 1190 393 1285 447; x_wconf 89' lang='grc'>192,</span> <span class='ocrx_word' id='word_1_57' title='bbox 1303 393 1355 438; x_wconf 88' lang='grc'><em>31</em></span> <span class='ocrx_word' id='word_1_58' title='bbox 1393 393 1547 451; x_wconf 87' lang='lat' dir='ltr'><em>(sensu</em></span> <span class='ocrx_word' id='word_1_59' title='bbox 1567 396 1725 438; x_wconf 85' lang='lat' dir='ltr'><em>carent</em></span> <span class='ocrx_word' id='word_1_60' title='bbox 1743 394 1834 438; x_wconf 89' lang='lat' dir='ltr'><em>und</em></span> <span class='ocrx_word' id='word_1_61' title='bbox 1857 394 1983 439; x_wconf 90' lang='lat' dir='ltr'><em>intel-</em></span> 
     </span>
    </p>
   </div>
   <div class='ocr_carea' id='block_1_6' title="bbox 200 464 812 523">
    <p class='ocr_par' dir='ltr' id='par_1_6' title="bbox 200 464 812 523">
     <span class='ocr_line' id='line_1_7' title="bbox 200 464 812 523; baseline 0 -13"><span class='ocrx_word' id='word_1_62' title='bbox 200 464 334 523; x_wconf 88' lang='lat' dir='ltr'><em>lectu)</em></span> <span class='ocrx_word' id='word_1_63' title='bbox 367 470 502 511; x_wconf 89' lang='lat' dir='ltr'><em>unten</em></span> <span class='ocrx_word' id='word_1_64' title='bbox 533 465 578 511; x_wconf 87' lang='lat' dir='ltr'><em>S.</em></span> <span class='ocrx_word' id='word_1_65' title='bbox 601 466 672 519; x_wconf 84' lang='lat'><em>62,</em></span> <span class='ocrx_word' id='word_1_66' title='bbox 687 466 746 510; x_wconf 83' lang='lat'><em>29</em></span> <span class='ocrx_word' id='word_1_67' title='bbox 766 465 812 510; x_wconf 81' lang='lat' dir='ltr'><em>ff.</em></span> 
     </span>
    </p>
   </div>
   <div class='ocr_carea' id='block_1_7' title="bbox 199 571 1981 700">
    <p class='ocr_par' dir='ltr' id='par_1_7' title="bbox 199 571 1981 700">
     <span class='ocr_line' id='line_1_8' title="bbox 342 571 1981 625; baseline -0.001 -8"><span class='ocrx_word' id='word_1_68' title='bbox 342 572 529 617; x_wconf 87' lang='lat' dir='ltr'><em>Endlich</em></span> <span class='ocrx_word' id='word_1_69' title='bbox 560 573 774 617; x_wconf 88' lang='lat' dir='ltr'><em>kommen</em></span> <span class='ocrx_word' id='word_1_70' title='bbox 805 572 913 616; x_wconf 87' lang='lat' dir='ltr'><em>zwei</em></span> <span class='ocrx_word' id='word_1_71' title='bbox 935 571 1101 616; x_wconf 88' lang='lat' dir='ltr'><em>Stellen</em></span> <span class='ocrx_word' id='word_1_72' title='bbox 1131 571 1177 615; x_wconf 89' lang='lat' dir='ltr'><em>in</em></span> <span class='ocrx_word' id='word_1_73' title='bbox 1199 571 1413 625; x_wconf 89' lang='lat' dir='ltr'><em>Betracht‚</em></span> <span class='ocrx_word' id='word_1_74' title='bbox 1446 571 1518 616; x_wconf 90' lang='lat' dir='ltr'><em>die</em></span> <span class='ocrx_word' id='word_1_75' title='bbox 1550 572 1720 616; x_wconf 86' lang='lat' dir='ltr'><em>meines</em></span> <span class='ocrx_word' id='word_1_76' title='bbox 1742 571 1981 616; x_wconf 85' lang='lat' dir='ltr'><em>Erachtens</em></span> 
     </span>
     <span class='ocr_line' id='line_1_9' title="bbox 199 642 1980 700; baseline -0.001 -12"><span class='ocrx_word' id='word_1_77' title='bbox 199 644 516 689; x_wconf 88' lang='lat' dir='ltr'><em>entscheidend</em></span> <span class='ocrx_word' id='word_1_78' title='bbox 547 644 647 688; x_wconf 89' lang='lat' dir='ltr'><em>sind</em></span> <span class='ocrx_word' id='word_1_79' title='bbox 679 643 771 688; x_wconf 89' lang='lat' dir='ltr'><em>und</em></span> <span class='ocrx_word' id='word_1_80' title='bbox 801 643 1054 697; x_wconf 89' lang='lat' dir='ltr'><em>verdienen,</em></span> <span class='ocrx_word' id='word_1_81' title='bbox 1087 643 1180 687; x_wconf 87' lang='lat' dir='ltr'><em>hier</em></span> <span class='ocrx_word' id='word_1_82' title='bbox 1210 642 1422 687; x_wconf 90' lang='lat' dir='ltr'>einander</span> <span class='ocrx_word' id='word_1_83' title='bbox 1449 643 1709 700; x_wconf 79' lang='lat' dir='ltr'><em>gegenflber</em></span> <span class='ocrx_word' id='word_1_84' title='bbox 1735 656 1790 688; x_wconf 88' lang='lat' dir='ltr'><em>zu</em></span> <span class='ocrx_word' id='word_1_85' title='bbox 1811 644 1980 688; x_wconf 88' lang='lat' dir='ltr'><em>stehen.</em></span> 
     </span>
    </p>
   </div>
   <div class='ocr_carea' id='block_1_8' title="bbox 198 715 607 772">
    <p class='ocr_par' dir='ltr' id='par_1_8' title="bbox 198 715 607 772">
     <span class='ocr_line' id='line_1_10' title="bbox 198 715 607 772; baseline 0 -13"><span class='ocrx_word' id='word_1_86' title='bbox 198 715 306 759; x_wconf 87' lang='lat' dir='ltr'><em>Man</em></span> <span class='ocrx_word' id='word_1_87' title='bbox 337 715 607 772; x_wconf 86' lang='lat' dir='ltr'><em>vergleiche:</em></span> 
     </span>
    </p>
   </div>
   <div class='ocr_carea' id='block_1_9' title="bbox 201 821 1049 949">
    <p class='ocr_par' dir='ltr' id='par_1_9' title="bbox 201 821 1049 949">
     <span class='ocr_line' id='line_1_11' title="bbox 316 821 1049 866; baseline -0.003 0"><span class='ocrx_word' id='word_1_88' title='bbox 316 821 511 866; x_wconf 88' lang='lat' dir='ltr'><em>Comm.</em></span> <span class='ocrx_word' id='word_1_89' title='bbox 563 821 615 865; x_wconf 91' lang='lat' dir='ltr'><em>in</em></span> <span class='ocrx_word' id='word_1_90' title='bbox 665 821 845 866; x_wconf 87' lang='lat' dir='ltr'><em>Boeth.</em></span> <span class='ocrx_word' id='word_1_91' title='bbox 898 833 953 865; x_wconf 89' lang='lat' dir='ltr'><em>zu</em></span> <span class='ocrx_word' id='word_1_92' title='bbox 1000 821 1049 865; x_wconf 88' lang='lat' dir='ltr'><em>P.</em></span> 
     </span>
     <span class='ocr_line' id='line_1_12' title="bbox 201 892 852 949; baseline -0.002 -12"><span class='ocrx_word' id='word_1_93' title='bbox 201 893 297 946; x_wconf 88' lang='grc'><strong>167,</strong></span> <span class='ocrx_word' id='word_1_94' title='bbox 319 893 377 937; x_wconf 89' lang='grc'><em>67</em></span> <span class='ocrx_word' id='word_1_95' title='bbox 409 892 563 949; x_wconf 88' lang='lat' dir='ltr'><em>(unten</em></span> <span class='ocrx_word' id='word_1_96' title='bbox 594 892 639 937; x_wconf 89' lang='lat' dir='ltr'><em>S.</em></span> <span class='ocrx_word' id='word_1_97' title='bbox 662 892 733 946; x_wconf 89' lang='lat'><em>49,</em></span> <span class='ocrx_word' id='word_1_98' title='bbox 756 892 852 949; x_wconf 86' lang='lat'>27):</span> 
     </span>
    </p>
   </div>
   <div class='ocr_carea' id='block_1_10' title="bbox 183 999 1053 2761">
    <p class='ocr_par' dir='ltr' id='par_1_10' title="bbox 183 999 1053 2761">
     <span class='ocr_line' id='line_1_13' title="bbox 314 999 1050 1057; baseline -0.003 -13"><span class='ocrx_word' id='word_1_99' title='bbox 314 1000 381 1044; x_wconf 84' lang='lat' dir='ltr'><em>Et</em></span> <span class='ocrx_word' id='word_1_100' title='bbox 396 999 569 1056; x_wconf 91' lang='lat' dir='ltr'><em>fidem</em></span> <span class='ocrx_word' id='word_1_101' title='bbox 589 1001 863 1057; x_wconf 87' lang='lat' dir='ltr'><em>sipoteris</em></span> <span class='ocrx_word' id='word_1_102' title='bbox 883 1000 1050 1043; x_wconf 89' lang='lat' dir='ltr'><em>ratio-</em></span> 
     </span>
     <span class='ocr_line' id='line_1_14' title="bbox 195 1069 1051 1128; baseline -0.004 -12"><span class='ocrx_word' id='word_1_103' title='bbox 195 1084 445 1128; x_wconf 83' lang='lat' dir='ltr'><strong><em>nemque</em></strong></span> <span class='ocrx_word' id='word_1_104' title='bbox 490 1073 803 1127; x_wconf 86' lang='lat' dir='ltr'><em>coniunge.</em></span> <span class='ocrx_word' id='word_1_105' title='bbox 895 1069 1051 1114; x_wconf 83' lang='lat' dir='ltr'><em>Fidem</em></span> 
     </span>
     <span class='ocr_line' id='line_1_15' title="bbox 195 1141 1051 1193; baseline -0.002 -6"><span class='ocrx_word' id='word_1_106' title='bbox 195 1142 326 1188; x_wconf 87' lang='lat' dir='ltr'><em>multi</em></span> <span class='ocrx_word' id='word_1_107' title='bbox 344 1142 523 1193; x_wconf 81' lang='lat' dir='ltr'><em>liabent,</em></span> <span class='ocrx_word' id='word_1_108' title='bbox 555 1143 776 1187; x_wconf 89' lang='lat' dir='ltr'><em>rationem</em></span> <span class='ocrx_word' id='word_1_109' title='bbox 798 1142 949 1185; x_wconf 89' lang='lat' dir='ltr'><em>autem</em></span> <span class='ocrx_word' id='word_1_110' title='bbox 970 1141 1051 1185; x_wconf 88' lang='lat' dir='ltr'><em>ad-</em></span> 
     </span>
     <span class='ocr_line' id='line_1_16' title="bbox 194 1213 1051 1271; baseline -0.004 -13"><span class='ocrx_word' id='word_1_111' title='bbox 194 1214 381 1258; x_wconf 82' lang='lat' dir='ltr'><strong><em>modum</em></strong></span> <span class='ocrx_word' id='word_1_112' title='bbox 404 1215 556 1271; x_wconf 90' lang='lat' dir='ltr'><em>pauci,</em></span> <span class='ocrx_word' id='word_1_113' title='bbox 589 1213 639 1258; x_wconf 92' lang='lat' dir='ltr'><em>id</em></span> <span class='ocrx_word' id='word_1_114' title='bbox 657 1215 729 1258; x_wconf 89' lang='lat' dir='ltr'><em>est</em></span> <span class='ocrx_word' id='word_1_115' title='bbox 754 1213 844 1257; x_wconf 87' lang='lat' dir='ltr'><em>soli</em></span> <span class='ocrx_word' id='word_1_116' title='bbox 872 1214 1051 1269; x_wconf 89' lang='lat' dir='ltr'><em>sapien-</em></span> 
     </span>
     <span class='ocr_line' id='line_1_17' title="bbox 194 1283 1053 1342; baseline -0.005 -12"><span class='ocrx_word' id='word_1_117' title='bbox 194 1287 264 1330; x_wconf 92' lang='lat' dir='ltr'><em>tes</em></span> <span class='ocrx_word' id='word_1_118' title='bbox 295 1320 304 1328; x_wconf 94' lang='lat'><strong>.</strong></span> <span class='ocrx_word' id='word_1_119' title='bbox 335 1284 431 1330; x_wconf 86' lang='lat' dir='ltr'><em>Sed</em></span> <span class='ocrx_word' id='word_1_120' title='bbox 465 1297 553 1342; x_wconf 91' lang='lat' dir='ltr'><em>per</em></span> <span class='ocrx_word' id='word_1_121' title='bbox 579 1283 729 1341; x_wconf 88' lang='lat' dir='ltr'><em>sidem</em></span> <span class='ocrx_word' id='word_1_122' title='bbox 767 1284 951 1328; x_wconf 90' lang='lat' dir='ltr'><em>venitur</em></span> <span class='ocrx_word' id='word_1_123' title='bbox 986 1283 1053 1327; x_wconf 89' lang='lat' dir='ltr'><em>ad</em></span> 
     </span>
     <span class='ocr_line' id='line_1_18' title="bbox 193 1354 1050 1411; baseline -0.004 -10"><span class='ocrx_word' id='word_1_124' title='bbox 193 1357 434 1410; x_wconf 90' lang='lat' dir='ltr'><em>rationem,</em></span> <span class='ocrx_word' id='word_1_125' title='bbox 500 1356 619 1400; x_wconf 92' lang='lat' dir='ltr'><em>unde</em></span> <span class='ocrx_word' id='word_1_126' title='bbox 668 1357 715 1400; x_wconf 92' lang='lat' dir='ltr'><em>et</em></span> <span class='ocrx_word' id='word_1_127' title='bbox 762 1354 1050 1411; x_wconf 85' lang='lat' dir='ltr'><em>evangelium</em></span> 
     </span>
     <span class='ocr_line' id='line_1_19' title="bbox 194 1426 1049 1472; baseline -0.002 0"><span class='ocrx_word' id='word_1_128' title='bbox 194 1427 326 1472; x_wconf 87' lang='lat' dir='ltr'><em>dicit:</em></span> <span class='ocrx_word' id='word_1_129' title='bbox 355 1428 462 1471; x_wconf 90' lang='lat' dir='ltr'><em>nisi</em></span> <span class='ocrx_word' id='word_1_130' title='bbox 482 1426 829 1471; x_wconf 80' lang='lat' dir='ltr'><em>credideritis</em></span> <span class='ocrx_word' id='word_1_131' title='bbox 848 1439 951 1470; x_wconf 91' lang='lat' dir='ltr'><em>non</em></span> <span class='ocrx_word' id='word_1_132' title='bbox 972 1427 1049 1470; x_wconf 89' lang='lat' dir='ltr'><em>in-</em></span> 
     </span>
     <span class='ocr_line' id='line_1_20' title="bbox 194 1495 1051 1554; baseline -0.002 -12"><span class='ocrx_word' id='word_1_133' title='bbox 194 1497 463 1554; x_wconf 89' lang='lat' dir='ltr'><em>telligetis</em></span> <span class='ocrx_word' id='word_1_134' title='bbox 485 1533 495 1541; x_wconf 92' lang='lat'>.</span> <span class='ocrx_word' id='word_1_135' title='bbox 514 1498 637 1554; x_wconf 85' lang='lat' dir='ltr'><em>Ergo</em></span> <span class='ocrx_word' id='word_1_136' title='bbox 658 1496 819 1542; x_wconf 92' lang='lat' dir='ltr'><em>melior</em></span> <span class='ocrx_word' id='word_1_137' title='bbox 837 1498 908 1541; x_wconf 89' lang='lat' dir='ltr'><em>est</em></span> <span class='ocrx_word' id='word_1_138' title='bbox 923 1495 1051 1553; x_wconf 87' lang='lat' dir='ltr'><em>sides</em></span> 
     </span>
     <span class='ocr_line' id='line_1_21' title="bbox 193 1566 1051 1626; baseline -0.002 -12"><span class='ocrx_word' id='word_1_139' title='bbox 193 1582 331 1626; x_wconf 87' lang='lat' dir='ltr'><em>quam</em></span> <span class='ocrx_word' id='word_1_140' title='bbox 390 1570 510 1613; x_wconf 92' lang='lat' dir='ltr'><em>ratio</em></span> <span class='ocrx_word' id='word_1_141' title='bbox 557 1604 567 1612; x_wconf 93' lang='lat'><strong>.</strong></span> <span class='ocrx_word' id='word_1_142' title='bbox 613 1568 882 1625; x_wconf 81' lang='lat' dir='ltr'><em>Gregorius:</em></span> <span class='ocrx_word' id='word_1_143' title='bbox 922 1566 1051 1624; x_wconf 90' lang='lat' dir='ltr'><em>sides</em></span> 
     </span>
     <span class='ocr_line' id='line_1_22' title="bbox 192 1639 1050 1684; baseline -0.002 0"><span class='ocrx_word' id='word_1_144' title='bbox 192 1652 284 1684; x_wconf 93' lang='lat' dir='ltr'><em>non</em></span> <span class='ocrx_word' id='word_1_145' title='bbox 325 1639 463 1684; x_wconf 78' lang='lat' dir='ltr'><em>habet</em></span> <span class='ocrx_word' id='word_1_146' title='bbox 491 1640 700 1684; x_wconf 88' lang='lat' dir='ltr'><em>meritum</em></span> <span class='ocrx_word' id='word_1_147' title='bbox 739 1641 811 1683; x_wconf 88' lang='lat' dir='ltr'><em>cui</em></span> <span class='ocrx_word' id='word_1_148' title='bbox 848 1639 1050 1683; x_wconf 75' lang='lat' dir='ltr'><em>humana</em></span> 
     </span>
     <span class='ocr_line' id='line_1_23' title="bbox 191 1709 1051 1768; baseline -0.002 -13"><span class='ocrx_word' id='word_1_149' title='bbox 191 1712 312 1755; x_wconf 89' lang='lat' dir='ltr'><em>ratio</em></span> <span class='ocrx_word' id='word_1_150' title='bbox 315 1710 507 1768; x_wconf 86' lang='lat' dir='ltr'><em>praebet</em></span> <span class='ocrx_word' id='word_1_151' title='bbox 514 1711 868 1767; x_wconf 84' lang='lat' dir='ltr'><em>experimentum</em></span> <span class='ocrx_word' id='word_1_152' title='bbox 883 1744 891 1753; x_wconf 91' lang='lat'><strong>.</strong></span> <span class='ocrx_word' id='word_1_153' title='bbox 906 1709 1051 1753; x_wconf 82' lang='lat' dir='ltr'><em>Pauci</em></span> 
     </span>
     <span class='ocr_line' id='line_1_24' title="bbox 191 1782 1052 1838; baseline -0.002 -12"><span class='ocrx_word' id='word_1_154' title='bbox 191 1783 310 1827; x_wconf 90' lang='lat' dir='ltr'><em>enim</em></span> <span class='ocrx_word' id='word_1_155' title='bbox 360 1783 470 1826; x_wconf 91' lang='lat' dir='ltr'><em>sunt</em></span> <span class='ocrx_word' id='word_1_156' title='bbox 517 1783 596 1838; x_wconf 89' lang='lat' dir='ltr'><em>qui</em></span> <span class='ocrx_word' id='word_1_157' title='bbox 645 1782 824 1825; x_wconf 90' lang='lat' dir='ltr'><em>ratione</em></span> <span class='ocrx_word' id='word_1_158' title='bbox 867 1782 1052 1838; x_wconf 82' lang='lat' dir='ltr'><em>possint</em></span> 
     </span>
     <span class='ocr_line' id='line_1_25' title="bbox 191 1851 1052 1910; baseline -0.002 -13"><span class='ocrx_word' id='word_1_159' title='bbox 191 1851 464 1910; x_wconf 88' lang='lat' dir='ltr'><em>confirmare</em></span> <span class='ocrx_word' id='word_1_160' title='bbox 494 1852 545 1897; x_wconf 87' lang='lat' dir='ltr'><em>id</em></span> <span class='ocrx_word' id='word_1_161' title='bbox 573 1852 698 1909; x_wconf 88' lang='lat' dir='ltr'><em>quod</em></span> <span class='ocrx_word' id='word_1_162' title='bbox 727 1851 918 1896; x_wconf 91' lang='lat' dir='ltr'><em>credunt</em></span> <span class='ocrx_word' id='word_1_163' title='bbox 949 1886 958 1895; x_wconf 93' lang='lat'><strong><em>.</em></strong></span> <span class='ocrx_word' id='word_1_164' title='bbox 990 1851 1052 1895; x_wconf 84' lang='lat' dir='ltr'><em>Et</em></span> 
     </span>
     <span class='ocr_line' id='line_1_26' title="bbox 191 1922 1049 1980; baseline -0.002 -12"><span class='ocrx_word' id='word_1_165' title='bbox 191 1923 276 1968; x_wconf 77' lang='lat' dir='ltr'><em>hoc</em></span> <span class='ocrx_word' id='word_1_166' title='bbox 286 1923 480 1980; x_wconf 91' lang='lat' dir='ltr'><em>fuerunt</em></span> <span class='ocrx_word' id='word_1_167' title='bbox 498 1923 590 1968; x_wconf 87' lang='lat' dir='ltr'><em>duo</em></span> <span class='ocrx_word' id='word_1_168' title='bbox 603 1922 802 1980; x_wconf 89' lang='lat' dir='ltr'><em>apostoli</em></span> <span class='ocrx_word' id='word_1_169' title='bbox 822 1924 1049 1967; x_wconf 89' lang='lat' dir='ltr'><em>currentes</em></span> 
     </span>
     <span class='ocr_line' id='line_1_27' title="bbox 191 1994 1048 2039; baseline -0.001 0"><span class='ocrx_word' id='word_1_170' title='bbox 191 1994 258 2039; x_wconf 90' lang='lat' dir='ltr'><em>ud</em></span> <span class='ocrx_word' id='word_1_171' title='bbox 295 1996 643 2039; x_wconf 85' lang='lat' dir='ltr'><em>monumentum.</em></span> <span class='ocrx_word' id='word_1_172' title='bbox 705 1994 926 2038; x_wconf 82' lang='lat' dir='ltr'><em>lohannes</em></span> <span class='ocrx_word' id='word_1_173' title='bbox 964 1995 1048 2038; x_wconf 89' lang='lat' dir='ltr'><em>sci-</em></span> 
     </span>
     <span class='ocr_line' id='line_1_28' title="bbox 191 2065 1048 2122; baseline -0.001 -12"><span class='ocrx_word' id='word_1_174' title='bbox 191 2065 298 2110; x_wconf 89' lang='lat' dir='ltr'><em>licet</em></span> <span class='ocrx_word' id='word_1_175' title='bbox 334 2067 467 2116; x_wconf 88' lang='lat' dir='ltr'><em>ratio,</em></span> <span class='ocrx_word' id='word_1_176' title='bbox 512 2065 675 2110; x_wconf 85' lang='lat' dir='ltr'><em>Petrus</em></span> <span class='ocrx_word' id='word_1_177' title='bbox 705 2065 846 2122; x_wconf 88' lang='lat' dir='ltr'><em>fides,</em></span> <span class='ocrx_word' id='word_1_178' title='bbox 894 2078 1048 2110; x_wconf 90' lang='lat' dir='ltr'><em>monu-</em></span> 
     </span>
     <span class='ocr_line' id='line_1_29' title="bbox 192 2136 1049 2193; baseline -0.004 -11"><span class='ocrx_word' id='word_1_179' title='bbox 192 2138 391 2182; x_wconf 84' lang='lat' dir='ltr'><em>mentum</em></span> <span class='ocrx_word' id='word_1_180' title='bbox 420 2139 491 2181; x_wconf 85' lang='lat' dir='ltr'><em>est</em></span> <span class='ocrx_word' id='word_1_181' title='bbox 517 2150 654 2182; x_wconf 90' lang='lat' dir='ltr'><em>sacra</em></span> <span class='ocrx_word' id='word_1_182' title='bbox 682 2138 921 2193; x_wconf 90' lang='lat' dir='ltr'><em>scriptura.</em></span> <span class='ocrx_word' id='word_1_183' title='bbox 983 2136 1049 2180; x_wconf 93' lang='lat' dir='ltr'><em>lo-</em></span> 
     </span>
     <span class='ocr_line' id='line_1_30' title="bbox 191 2207 1050 2264; baseline -0.002 -12"><span class='ocrx_word' id='word_1_184' title='bbox 191 2207 365 2252; x_wconf 80' lang='lat' dir='ltr'><em>hannes</em></span> <span class='ocrx_word' id='word_1_185' title='bbox 395 2209 548 2252; x_wconf 89' lang='lat' dir='ltr'><em>autem</em></span> <span class='ocrx_word' id='word_1_186' title='bbox 574 2208 895 2264; x_wconf 85' lang='lat' dir='ltr'><em>praecucurrit,</em></span> <span class='ocrx_word' id='word_1_187' title='bbox 940 2208 1050 2262; x_wconf 88' lang='lat' dir='ltr'><em>quia</em></span> 
     </span>
     <span class='ocr_line' id='line_1_31' title="bbox 192 2277 1046 2334; baseline -0.001 -12"><span class='ocrx_word' id='word_1_188' title='bbox 192 2280 312 2323; x_wconf 93' lang='lat' dir='ltr'><em>ratio</em></span> <span class='ocrx_word' id='word_1_189' title='bbox 337 2280 558 2328; x_wconf 85' lang='lat' dir='ltr'><em>vivacior,</em></span> <span class='ocrx_word' id='word_1_190' title='bbox 581 2277 709 2334; x_wconf 87' lang='lat' dir='ltr'><em>sides</em></span> <span class='ocrx_word' id='word_1_191' title='bbox 739 2277 918 2322; x_wconf 85' lang='lat' dir='ltr'><em>tardior</em></span> <span class='ocrx_word' id='word_1_192' title='bbox 946 2279 1046 2321; x_wconf 90' lang='lat' dir='ltr'><em>est.</em></span> 
     </span>
     <span class='ocr_line' id='line_1_32' title="bbox 192 2349 1048 2405; baseline -0.001 -12"><span class='ocrx_word' id='word_1_193' title='bbox 192 2349 299 2394; x_wconf 90' lang='lat' dir='ltr'><em>Non</em></span> <span class='ocrx_word' id='word_1_194' title='bbox 341 2350 493 2393; x_wconf 88' lang='lat' dir='ltr'><em>tamen</em></span> <span class='ocrx_word' id='word_1_195' title='bbox 537 2350 755 2398; x_wconf 84' lang='lat' dir='ltr'><em>introivit,</em></span> <span class='ocrx_word' id='word_1_196' title='bbox 804 2349 1048 2405; x_wconf 90' lang='lat' dir='ltr'><em>antequam</em></span> 
     </span>
     <span class='ocr_line' id='line_1_33' title="bbox 192 2419 1050 2477; baseline -0.001 -13"><span class='ocrx_word' id='word_1_197' title='bbox 192 2419 356 2465; x_wconf 83' lang='lat' dir='ltr'><em>Petrus</em></span> <span class='ocrx_word' id='word_1_198' title='bbox 385 2420 704 2477; x_wconf 82' lang='lat' dir='ltr'><em>ingrederetur,</em></span> <span class='ocrx_word' id='word_1_199' title='bbox 735 2422 844 2476; x_wconf 90' lang='lat' dir='ltr'><em>quia</em></span> <span class='ocrx_word' id='word_1_200' title='bbox 865 2419 930 2463; x_wconf 90' lang='lat' dir='ltr'><em>ad</em></span> <span class='ocrx_word' id='word_1_201' title='bbox 946 2432 1050 2476; x_wconf 94' lang='lat' dir='ltr'><em>per-</em></span> 
     </span>
     <span class='ocr_line' id='line_1_34' title="bbox 183 2490 1052 2548; baseline -0.001 -13"><span class='ocrx_word' id='word_1_202' title='bbox 183 2490 430 2548; x_wconf 89' lang='lat' dir='ltr'><em>fectionem</em></span> <span class='ocrx_word' id='word_1_203' title='bbox 453 2491 639 2548; x_wconf 89' lang='lat' dir='ltr'><em>plenam</em></span> <span class='ocrx_word' id='word_1_204' title='bbox 670 2504 761 2535; x_wconf 85' lang='lat' dir='ltr'><em>non</em></span> <span class='ocrx_word' id='word_1_205' title='bbox 785 2491 1052 2548; x_wconf 87' lang='lat' dir='ltr'><em>pervenitur</em></span> 
     </span>
     <span class='ocr_line' id='line_1_35' title="bbox 191 2561 1049 2619; baseline -0.002 -13"><span class='ocrx_word' id='word_1_206' title='bbox 191 2564 282 2606; x_wconf 87' lang='lat' dir='ltr'><em>nisi</em></span> <span class='ocrx_word' id='word_1_207' title='bbox 313 2575 401 2619; x_wconf 92' lang='lat' dir='ltr'><em>per</em></span> <span class='ocrx_word' id='word_1_208' title='bbox 427 2561 579 2619; x_wconf 87' lang='lat' dir='ltr'><em>sidem</em></span> <span class='ocrx_word' id='word_1_209' title='bbox 613 2597 622 2606; x_wconf 93' lang='lat'>.</span> <span class='ocrx_word' id='word_1_210' title='bbox 659 2562 791 2607; x_wconf 89' lang='lat' dir='ltr'><em>Unde</em></span> <span class='ocrx_word' id='word_1_211' title='bbox 831 2562 1049 2618; x_wconf 88' lang='lat' dir='ltr'><em>scriptum</em></span> 
     </span>
     <span class='ocr_line' id='line_1_36' title="bbox 191 2633 1048 2678; baseline -0.002 0"><span class='ocrx_word' id='word_1_212' title='bbox 191 2634 282 2678; x_wconf 87' lang='lat' dir='ltr'><em>est:</em></span> <span class='ocrx_word' id='word_1_213' title='bbox 349 2635 456 2678; x_wconf 90' lang='lat' dir='ltr'><em>nisi</em></span> <span class='ocrx_word' id='word_1_214' title='bbox 531 2633 877 2678; x_wconf 88' lang='lat' dir='ltr'><em>credideritis</em></span> <span class='ocrx_word' id='word_1_215' title='bbox 945 2645 1048 2677; x_wconf 90' lang='lat' dir='ltr'><em>non</em></span> 
     </span>
     <span class='ocr_line' id='line_1_37' title="bbox 193 2704 529 2761; baseline 0 -12"><span class='ocrx_word' id='word_1_216' title='bbox 193 2704 529 2761; x_wconf 85' lang='lat' dir='ltr'><em>intelligetis.</em></span> 
     </span>
    </p>
   </div>
   <div class='ocr_carea' id='block_1_11' title="bbox 1123 821 1983 950">
    <p class='ocr_par' dir='ltr' id='par_1_11' title="bbox 1123 821 1983 950">
     <span class='ocr_line' id='line_1_38' title="bbox 1241 821 1983 866; baseline -0.003 0"><span class='ocrx_word' id='word_1_217' title='bbox 1241 821 1346 866; x_wconf 84' lang='lat' dir='ltr'><em>Ioh.</em></span> <span class='ocrx_word' id='word_1_218' title='bbox 1385 821 1543 866; x_wconf 89' lang='lat' dir='ltr'><em>Scott.</em></span> <span class='ocrx_word' id='word_1_219' title='bbox 1582 822 1729 866; x_wconf 88' lang='lat' dir='ltr'><em>Hom.</em></span> <span class='ocrx_word' id='word_1_220' title='bbox 1770 821 1821 865; x_wconf 92' lang='lat' dir='ltr'><em>in</em></span> <span class='ocrx_word' id='word_1_221' title='bbox 1862 821 1983 865; x_wconf 87' lang='lat' dir='ltr'><em>Pro—</em></span> 
     </span>
     <span class='ocr_line' id='line_1_39' title="bbox 1123 892 1980 950; baseline -0.001 -13"><span class='ocrx_word' id='word_1_222' title='bbox 1123 892 1225 949; x_wconf 87' lang='lat' dir='ltr'><em>log.</em></span> <span class='ocrx_word' id='word_1_223' title='bbox 1248 892 1333 938; x_wconf 90' lang='lat' dir='ltr'><em>Ev.</em></span> <span class='ocrx_word' id='word_1_224' title='bbox 1356 893 1460 938; x_wconf 77' lang='lat' dir='ltr'><em>loh,</em></span> <span class='ocrx_word' id='word_1_225' title='bbox 1483 892 1656 950; x_wconf 87' lang='lat' dir='ltr'><em>(Migne</em></span> <span class='ocrx_word' id='word_1_226' title='bbox 1683 893 1766 936; x_wconf 88' lang='grc'><em>122</em></span> <span class='ocrx_word' id='word_1_227' title='bbox 1788 905 1831 949; x_wconf 89' lang='lat' dir='ltr'><em>p.</em></span> <span class='ocrx_word' id='word_1_228' title='bbox 1855 892 1980 948; x_wconf 83' lang='lat'>284):</span> 
     </span>
    </p>
   </div>
   <div class='ocr_carea' id='block_1_12' title="bbox 1114 998 1983 2122">
    <p class='ocr_par' dir='ltr' id='par_1_12' title="bbox 1114 998 1983 2122">
     <span class='ocr_line' id='line_1_40' title="bbox 1241 998 1981 1044; baseline -0.001 0"><span class='ocrx_word' id='word_1_229' title='bbox 1241 998 1384 1044; x_wconf 84' lang='lat' dir='ltr'><em>Ambo</em></span> <span class='ocrx_word' id='word_1_230' title='bbox 1416 1001 1567 1044; x_wconf 90' lang='lat' dir='ltr'><em>tamen</em></span> <span class='ocrx_word' id='word_1_231' title='bbox 1598 1000 1787 1044; x_wconf 89' lang='lat' dir='ltr'><em>currunt</em></span> <span class='ocrx_word' id='word_1_232' title='bbox 1804 998 1869 1043; x_wconf 89' lang='lat' dir='ltr'><em>ad</em></span> <span class='ocrx_word' id='word_1_233' title='bbox 1887 1011 1981 1043; x_wconf 90' lang='lat' dir='ltr'><em>mo·</em></span> 
     </span>
     <span class='ocr_line' id='line_1_41' title="bbox 1122 1069 1983 1116; baseline 0 -2"><span class='ocrx_word' id='word_1_234' title='bbox 1122 1072 1395 1116; x_wconf 90' lang='lat' dir='ltr'><em>numentum.</em></span> <span class='ocrx_word' id='word_1_235' title='bbox 1433 1071 1780 1115; x_wconf 90' lang='lat' dir='ltr'><em>Monumentum</em></span> <span class='ocrx_word' id='word_1_236' title='bbox 1813 1069 1983 1114; x_wconf 79' lang='lat' dir='ltr'><em>Christi</em></span> 
     </span>
     <span class='ocr_line' id='line_1_42' title="bbox 1122 1140 1981 1198; baseline -0.001 -13"><span class='ocrx_word' id='word_1_237' title='bbox 1122 1142 1194 1185; x_wconf 91' lang='lat' dir='ltr'><em>est</em></span> <span class='ocrx_word' id='word_1_238' title='bbox 1228 1141 1389 1185; x_wconf 84' lang='lat' dir='ltr'><em>divina</em></span> <span class='ocrx_word' id='word_1_239' title='bbox 1423 1142 1663 1198; x_wconf 86' lang='lat' dir='ltr'><em>scriptura,</em></span> <span class='ocrx_word' id='word_1_240' title='bbox 1706 1143 1752 1184; x_wconf 90' lang='lat' dir='ltr'><em>in</em></span> <span class='ocrx_word' id='word_1_241' title='bbox 1792 1153 1884 1197; x_wconf 86' lang='lat' dir='ltr'><em>qua</em></span> <span class='ocrx_word' id='word_1_242' title='bbox 1914 1140 1981 1184; x_wconf 92' lang='lat' dir='ltr'><em>di-</em></span> 
     </span>
     <span class='ocr_line' id='line_1_43' title="bbox 1120 1212 1980 1269; baseline -0.001 -13"><span class='ocrx_word' id='word_1_243' title='bbox 1120 1213 1333 1256; x_wconf 87' lang='lat' dir='ltr'><em>vinitatis</em></span> <span class='ocrx_word' id='word_1_244' title='bbox 1353 1213 1400 1256; x_wconf 90' lang='lat' dir='ltr'><em>et</em></span> <span class='ocrx_word' id='word_1_245' title='bbox 1428 1212 1728 1256; x_wconf 79' lang='lat' dir='ltr'><em>humanitatis</em></span> <span class='ocrx_word' id='word_1_246' title='bbox 1759 1213 1856 1256; x_wconf 88' lang='lat' dir='ltr'><em>eius</em></span> <span class='ocrx_word' id='word_1_247' title='bbox 1887 1224 1980 1269; x_wconf 78' lang='lat' dir='ltr'><em>my-</em></span> 
     </span>
     <span class='ocr_line' id='line_1_44' title="bbox 1120 1282 1982 1339; baseline -0.001 -12"><span class='ocrx_word' id='word_1_248' title='bbox 1120 1284 1263 1327; x_wconf 89' lang='lat' dir='ltr'><em>steria</em></span> <span class='ocrx_word' id='word_1_249' title='bbox 1305 1283 1578 1327; x_wconf 86' lang='lat' dir='ltr'><em>densissima</em></span> <span class='ocrx_word' id='word_1_250' title='bbox 1607 1282 1751 1326; x_wconf 86' lang='lat' dir='ltr'><em>veluti</em></span> <span class='ocrx_word' id='word_1_251' title='bbox 1781 1282 1982 1339; x_wconf 87' lang='lat' dir='ltr'><em>quadam</em></span> 
     </span>
     <span class='ocr_line' id='line_1_45' title="bbox 1122 1353 1982 1411; baseline -0.001 -13"><span class='ocrx_word' id='word_1_252' title='bbox 1122 1355 1385 1399; x_wconf 90' lang='lat' dir='ltr'><em>muniuntur</em></span> <span class='ocrx_word' id='word_1_253' title='bbox 1411 1355 1549 1411; x_wconf 91' lang='lat' dir='ltr'><em>petra</em></span> <span class='ocrx_word' id='word_1_254' title='bbox 1583 1388 1592 1397; x_wconf 92' lang='lat'><strong>.</strong></span> <span class='ocrx_word' id='word_1_255' title='bbox 1628 1353 1724 1398; x_wconf 89' lang='lat' dir='ltr'><em>Sed</em></span> <span class='ocrx_word' id='word_1_256' title='bbox 1760 1353 1982 1398; x_wconf 78' lang='lat' dir='ltr'><em>lohannes</em></span> 
     </span>
     <span class='ocr_line' id='line_1_46' title="bbox 1115 1424 1979 1482; baseline -0.002 -12"><span class='ocrx_word' id='word_1_257' title='bbox 1115 1427 1373 1482; x_wconf 90' lang='lat' dir='ltr'><em>praecurrit</em></span> <span class='ocrx_word' id='word_1_258' title='bbox 1412 1426 1546 1470; x_wconf 85' lang='lat' dir='ltr'><em>citius</em></span> <span class='ocrx_word' id='word_1_259' title='bbox 1576 1424 1713 1469; x_wconf 83' lang='lat' dir='ltr'><em>Petro</em></span> <span class='ocrx_word' id='word_1_260' title='bbox 1747 1460 1755 1468; x_wconf 94' lang='lat'>.</span> <span class='ocrx_word' id='word_1_261' title='bbox 1781 1460 1790 1468; x_wconf 90' lang='lat'><strong>.</strong></span> <span class='ocrx_word' id='word_1_262' title='bbox 1816 1460 1825 1468; x_wconf 93' lang='lat'><strong><em>.</em></strong></span> <span class='ocrx_word' id='word_1_263' title='bbox 1851 1460 1860 1467; x_wconf 91' lang='lat'>.</span> <span class='ocrx_word' id='word_1_264' title='bbox 1899 1425 1979 1469; x_wconf 81' lang='lat' dir='ltr'><em>Ve-</em></span> 
     </span>
     <span class='ocr_line' id='line_1_47' title="bbox 1121 1496 1976 1554; baseline -0.002 -13"><span class='ocrx_word' id='word_1_265' title='bbox 1121 1498 1374 1541; x_wconf 89' lang='lat' dir='ltr'><em>rumtamen</em></span> <span class='ocrx_word' id='word_1_266' title='bbox 1398 1499 1550 1554; x_wconf 89' lang='lat' dir='ltr'><em>primo</em></span> <span class='ocrx_word' id='word_1_267' title='bbox 1572 1497 1717 1540; x_wconf 91' lang='lat' dir='ltr'><em>intrat</em></span> <span class='ocrx_word' id='word_1_268' title='bbox 1735 1496 1898 1540; x_wconf 86' lang='lat' dir='ltr'><em>Petrus</em></span> <span class='ocrx_word' id='word_1_269' title='bbox 1930 1497 1976 1539; x_wconf 87' lang='lat' dir='ltr'><em>in</em></span> 
     </span>
     <span class='ocr_line' id='line_1_48' title="bbox 1122 1567 1976 1618; baseline -0.002 -6"><span class='ocrx_word' id='word_1_270' title='bbox 1122 1569 1476 1618; x_wconf 89' lang='lat' dir='ltr'><em>monumentum,</em></span> <span class='ocrx_word' id='word_1_271' title='bbox 1529 1567 1693 1611; x_wconf 89' lang='lat' dir='ltr'><em>deinde</em></span> <span class='ocrx_word' id='word_1_272' title='bbox 1742 1567 1976 1616; x_wconf 77' lang='lat' dir='ltr'><em>Iohannes,</em></span> 
     </span>
     <span class='ocr_line' id='line_1_49' title="bbox 1122 1638 1980 1688; baseline -0.001 -5"><span class='ocrx_word' id='word_1_273' title='bbox 1122 1652 1177 1683; x_wconf 90' lang='lat' dir='ltr'><em>ac</em></span> <span class='ocrx_word' id='word_1_274' title='bbox 1205 1640 1325 1683; x_wconf 88' lang='lat' dir='ltr'><em>sicut</em></span> <span class='ocrx_word' id='word_1_275' title='bbox 1354 1639 1487 1683; x_wconf 85' lang='lat' dir='ltr'><em>ambo</em></span> <span class='ocrx_word' id='word_1_276' title='bbox 1519 1639 1715 1688; x_wconf 90' lang='lat' dir='ltr'><em>currunt,</em></span> <span class='ocrx_word' id='word_1_277' title='bbox 1750 1638 1883 1682; x_wconf 86' lang='lat' dir='ltr'><em>ambo</em></span> <span class='ocrx_word' id='word_1_278' title='bbox 1915 1639 1980 1682; x_wconf 90' lang='lat' dir='ltr'><em>in-</em></span> 
     </span>
     <span class='ocr_line' id='line_1_50' title="bbox 1121 1708 1979 1767; baseline -0.002 -13"><span class='ocrx_word' id='word_1_279' title='bbox 1121 1711 1248 1754; x_wconf 91' lang='lat' dir='ltr'><em>trant</em></span> <span class='ocrx_word' id='word_1_280' title='bbox 1268 1745 1278 1753; x_wconf 95' lang='lat'><strong>.</strong></span> <span class='ocrx_word' id='word_1_281' title='bbox 1300 1709 1463 1754; x_wconf 83' lang='lat' dir='ltr'><em>Petrus</em></span> <span class='ocrx_word' id='word_1_282' title='bbox 1482 1709 1708 1766; x_wconf 87' lang='lat' dir='ltr'><em>siquidem</em></span> <span class='ocrx_word' id='word_1_283' title='bbox 1719 1708 1842 1766; x_wconf 88' lang='lat' dir='ltr'><em>fidei</em></span> <span class='ocrx_word' id='word_1_284' title='bbox 1860 1721 1979 1767; x_wconf 79' lang='lat' dir='ltr'><em>sym-</em></span> 
     </span>
     <span class='ocr_line' id='line_1_51' title="bbox 1120 1779 1979 1837; baseline -0.002 -12"><span class='ocrx_word' id='word_1_285' title='bbox 1120 1781 1285 1831; x_wconf 88' lang='lat' dir='ltr'><em>bolum,</em></span> <span class='ocrx_word' id='word_1_286' title='bbox 1332 1781 1554 1825; x_wconf 81' lang='lat' dir='ltr'><em>lohannes</em></span> <span class='ocrx_word' id='word_1_287' title='bbox 1584 1779 1822 1837; x_wconf 72' lang='lat' dir='ltr'><em>significat</em></span> <span class='ocrx_word' id='word_1_288' title='bbox 1850 1779 1979 1824; x_wconf 87' lang='lat' dir='ltr'><em>intel·</em></span> 
     </span>
     <span class='ocr_line' id='line_1_52' title="bbox 1120 1850 1979 1908; baseline -0.001 -13"><span class='ocrx_word' id='word_1_289' title='bbox 1120 1851 1282 1896; x_wconf 92' lang='lat' dir='ltr'><em>lectum</em></span> <span class='ocrx_word' id='word_1_290' title='bbox 1325 1886 1334 1895; x_wconf 90' lang='lat'><strong>.</strong></span> <span class='ocrx_word' id='word_1_291' title='bbox 1377 1850 1442 1895; x_wconf 86' lang='lat' dir='ltr'><em>Ac</em></span> <span class='ocrx_word' id='word_1_292' title='bbox 1480 1864 1568 1908; x_wconf 87' lang='lat' dir='ltr'><em>per</em></span> <span class='ocrx_word' id='word_1_293' title='bbox 1614 1851 1711 1901; x_wconf 84' lang='lat' dir='ltr'><em>lzoc,</em></span> <span class='ocrx_word' id='word_1_294' title='bbox 1763 1852 1979 1907; x_wconf 91' lang='lat' dir='ltr'><em>quoniam</em></span> 
     </span>
     <span class='ocr_line' id='line_1_53' title="bbox 1119 1921 1979 1980; baseline -0.002 -13"><span class='ocrx_word' id='word_1_295' title='bbox 1119 1924 1336 1980; x_wconf 86' lang='lat' dir='ltr'><em>scriptum</em></span> <span class='ocrx_word' id='word_1_296' title='bbox 1366 1924 1457 1967; x_wconf 83' lang='lat' dir='ltr'><em>est:</em></span> <span class='ocrx_word' id='word_1_297' title='bbox 1493 1924 1600 1967; x_wconf 89' lang='lat' dir='ltr'><em>nisi</em></span> <span class='ocrx_word' id='word_1_298' title='bbox 1630 1921 1979 1966; x_wconf 86' lang='lat' dir='ltr'><em>credideritis</em></span> 
     </span>
     <span class='ocr_line' id='line_1_54' title="bbox 1120 1993 1977 2050; baseline -0.002 -12"><span class='ocrx_word' id='word_1_299' title='bbox 1120 2007 1235 2038; x_wconf 93' lang='lat' dir='ltr'><em>non</em></span> <span class='ocrx_word' id='word_1_300' title='bbox 1271 1993 1686 2050; x_wconf 85' lang='lat' dir='ltr'><em>intelligetis,</em></span> <span class='ocrx_word' id='word_1_301' title='bbox 1722 1994 1977 2037; x_wconf 86' lang='lat' dir='ltr'><em>necessario</em></span> 
     </span>
     <span class='ocr_line' id='line_1_55' title="bbox 1114 2064 1612 2122; baseline -0.002 -13"><span class='ocrx_word' id='word_1_302' title='bbox 1114 2065 1353 2122; x_wconf 86' lang='lat' dir='ltr'><em>praecedit</em></span> <span class='ocrx_word' id='word_1_303' title='bbox 1371 2064 1501 2121; x_wconf 87' lang='lat' dir='ltr'><em>fides</em></span> <span class='ocrx_word' id='word_1_304' title='bbox 1532 2069 1612 2109; x_wconf 91' lang='lat' dir='ltr'><em>etc.</em></span> 
     </span>
    </p>
   </div>
   <div class='ocr_carea' id='block_1_13' title="bbox 193 2982 1971 3150">
    <p class='ocr_par' dir='ltr' id='par_1_13' title="bbox 193 2982 1971 3150">
     <span class='ocr_line' id='line_1_56' title="bbox 338 2982 1971 3036; baseline -0.005 -12"><span class='ocrx_word' id='word_1_305' title='bbox 338 2988 365 3033; x_wconf 89' lang='lat'><em>¹)</em></span> <span class='ocrx_word' id='word_1_306' title='bbox 390 2988 471 3036; x_wconf 85' lang='lat' dir='ltr'><strong>Vgl.</strong></span> <span class='ocrx_word' id='word_1_307' title='bbox 489 2990 555 3024; x_wconf 88' lang='lat' dir='ltr'><em>mit</em></span> <span class='ocrx_word' id='word_1_308' title='bbox 578 2989 689 3024; x_wconf 85' lang='lat' dir='ltr'><em>ihnen</em></span> <span class='ocrx_word' id='word_1_309' title='bbox 714 2987 796 3023; x_wconf 89' lang='lat' dir='ltr'><em>Div.</em></span> <span class='ocrx_word' id='word_1_310' title='bbox 814 2987 894 3027; x_wconf 86' lang='lat' dir='ltr'><em>Nat.</em></span> <span class='ocrx_word' id='word_1_311' title='bbox 913 2988 956 3023; x_wconf 92' lang='lat'><em>111</em></span> <span class='ocrx_word' id='word_1_312' title='bbox 976 2987 1020 3023; x_wconf 89' lang='lat'><em>13</em></span> <span class='ocrx_word' id='word_1_313' title='bbox 1045 2987 1159 3032; x_wconf 86' lang='lat'><strong>(662):</strong></span> <span class='ocrx_word' id='word_1_314' title='bbox 1197 2986 1247 3022; x_wconf 82' lang='lat' dir='ltr'><em>Et</em></span> <span class='ocrx_word' id='word_1_315' title='bbox 1269 2986 1307 3022; x_wconf 89' lang='lat' dir='ltr'><em>si</em></span> <span class='ocrx_word' id='word_1_316' title='bbox 1322 2986 1429 3030; x_wconf 84' lang='lat' dir='ltr'><em>forte</em></span> <span class='ocrx_word' id='word_1_317' title='bbox 1446 2983 1560 3020; x_wconf 79' lang='lat' dir='ltr'><em>alicui</em></span> <span class='ocrx_word' id='word_1_318' title='bbox 1581 2984 1655 3019; x_wconf 81' lang='lat' dir='ltr'><em>hoc</em></span> <span class='ocrx_word' id='word_1_319' title='bbox 1677 2982 1830 3018; x_wconf 85' lang='lat' dir='ltr'><em>videtur</em></span> <span class='ocrx_word' id='word_1_320' title='bbox 1851 2982 1971 3018; x_wconf 89' lang='lat' dir='ltr'><em>incre-</em></span> 
     </span>
     <span class='ocr_line' id='line_1_57' title="bbox 193 3039 1971 3093; baseline -0.004 -10"><span class='ocrx_word' id='word_1_321' title='bbox 193 3047 305 3083; x_wconf 83' lang='lat' dir='ltr'><em>dibile</em></span> <span class='ocrx_word' id='word_1_322' title='bbox 328 3047 391 3082; x_wconf 87' lang='lat' dir='ltr'><em>vel</em></span> <span class='ocrx_word' id='word_1_323' title='bbox 414 3047 574 3087; x_wconf 72' lang='lat' dir='ltr'><em>dubittm,</em></span> <span class='ocrx_word' id='word_1_324' title='bbox 598 3048 704 3093; x_wconf 87' lang='lat' dir='ltr'><em>legat</em></span> <span class='ocrx_word' id='word_1_325' title='bbox 725 3048 898 3082; x_wconf 81' lang='lat' dir='ltr'><em>sanctum</em></span> <span class='ocrx_word' id='word_1_326' title='bbox 915 3045 1167 3092; x_wconf 80' lang='lat' dir='ltr'><em>Augustinum</em></span> <span class='ocrx_word' id='word_1_327' title='bbox 1193 3046 1262 3081; x_wconf 85' lang='lat' dir='ltr'><em>etc.</em></span> <span class='ocrx_word' id='word_1_328' title='bbox 1287 3044 1363 3080; x_wconf 87' lang='lat' dir='ltr'><em>und</em></span> <span class='ocrx_word' id='word_1_329' title='bbox 1388 3043 1471 3079; x_wconf 85' lang='lat' dir='ltr'><em>Div.</em></span> <span class='ocrx_word' id='word_1_330' title='bbox 1489 3042 1571 3078; x_wconf 87' lang='lat' dir='ltr'><strong>Nat.</strong></span> <span class='ocrx_word' id='word_1_331' title='bbox 1588 3041 1631 3077; x_wconf 93' lang='lat'><em>111</em></span> <span class='ocrx_word' id='word_1_332' title='bbox 1648 3040 1695 3077; x_wconf 89' lang='lat'><em>39</em></span> <span class='ocrx_word' id='word_1_333' title='bbox 1721 3040 1836 3086; x_wconf 87' lang='lat'>(738):</span> <span class='ocrx_word' id='word_1_334' title='bbox 1876 3039 1971 3085; x_wconf 76' lang='lat' dir='ltr'><em>Quis</em></span> 
     </span>
     <span class='ocr_line' id='line_1_58' title="bbox 193 3100 1969 3150; baseline -0.004 -8"><span class='ocrx_word' id='word_1_335' title='bbox 193 3106 292 3142; x_wconf 86' lang='lat' dir='ltr'><em>enim</em></span> <span class='ocrx_word' id='word_1_336' title='bbox 324 3105 516 3142; x_wconf 82' lang='lat' dir='ltr'><em>hominum</em></span> <span class='ocrx_word' id='word_1_337' title='bbox 550 3108 660 3141; x_wconf 81' lang='lat' dir='ltr'><em>acute</em></span> <span class='ocrx_word' id='word_1_338' title='bbox 690 3105 805 3146; x_wconf 85' lang='lat' dir='ltr'><em>videt,</em></span> <span class='ocrx_word' id='word_1_339' title='bbox 842 3107 886 3140; x_wconf 81' lang='lat' dir='ltr'><em>ut</em></span> <span class='ocrx_word' id='word_1_340' title='bbox 918 3105 1047 3150; x_wconf 85' lang='lat' dir='ltr'><em>aquila</em></span> <span class='ocrx_word' id='word_1_341' title='bbox 1072 3106 1111 3140; x_wconf 88' lang='lat' dir='ltr'><em>et</em></span> <span class='ocrx_word' id='word_1_342' title='bbox 1142 3105 1309 3140; x_wconf 80' lang='lat' dir='ltr'><em>dorcas?</em></span> <span class='ocrx_word' id='word_1_343' title='bbox 1348 3103 1432 3149; x_wconf 84' lang='lat' dir='ltr'><em>quis</em></span> <span class='ocrx_word' id='word_1_344' title='bbox 1459 3102 1580 3148; x_wconf 85' lang='lat' dir='ltr'><em>pollet</em></span> <span class='ocrx_word' id='word_1_345' title='bbox 1612 3100 1807 3145; x_wconf 84' lang='lat' dir='ltr'><em>odorifera</em></span> <span class='ocrx_word' id='word_1_346' title='bbox 1841 3100 1892 3141; x_wconf 86' lang='lat' dir='ltr'><em>vi,</em></span> <span class='ocrx_word' id='word_1_347' title='bbox 1927 3102 1969 3135; x_wconf 81' lang='lat' dir='ltr'><em>ui</em></span> 
     </span>
    </p>
   </div>
   <div class='ocr_carea' id='block_1_14' title="bbox 179 3165 417 3202">
    <p class='ocr_par' dir='ltr' id='par_1_14' title="bbox 179 3165 417 3202">
     <span class='ocr_line' id='line_1_59' title="bbox 179 3165 417 3202; baseline 0.004 -1"><span class='ocrx_word' id='word_1_348' title='bbox 179 3165 330 3201; x_wconf 59' lang='lat' dir='ltr'><em>carus?</em></span> <span class='ocrx_word' id='word_1_349' title='bbox 351 3168 417 3202; x_wconf 83' lang='lat' dir='ltr'><em>etc.</em></span> 
     </span>
    </p>
   </div>
  </div>
 </body>
</html>
