2352 3568
942 259 1131 296 Johannes
1156 258 1312 296 Scottus.
1965 262 2024 306 49

10 373 43 428 ³
71 400 188 436 *mai
243 394 311 435 est
341 390 475 447 patris
505 394 548 434 et
577 389 671 435 filii.
692 406 734 435 33
794 389 1033 447 Singulis
1056 402 1066 413 ·
1089 394 1137 434 ut
1166 394 1289 447 pater
1318 402 1398 447 per
1426 402 1476 435 se
1496 394 1664 435 tantum
1696 394 1831 447 pater.
1849 407 1891 436 33
1922 391 2023 436 Sed

35 451 38 454 ⁴
243 461 351 506 alio
383 462 541 506 modo
565 473 576 484 ·
598 461 644 506 id
675 466 742 506 est
772 461 996 518 personali
1028 466 1071 506 et
1102 461 1158 506 ad
1190 461 1371 518 aliquid.
1401 478 1444 506 33
1564 461 1929 506 substantiale
1952 474 1962 484 ·
1985 475 2021 507 s.

243 532 491 589 personale.
513 549 556 577 33
628 532 741 577 Hoc
763 544 773 555 ·
796 532 840 576 id
872 536 940 576 est
969 536 1104 590 pater.
1125 548 1167 578 ss
1247 532 1469 576 Inditum
1493 545 1504 555 ·
1526 545 1562 577 s.
1585 533 1639 577 ei.
1661 549 1704 577 33
1784 532 2020 590 Recipit·

243 607 366 660 pater
394 615 487 647 non
518 607 586 648 est
614 603 747 656 filius,
787 604 891 660 quia
921 604 1158 660 ingenituS,
1199 603 1317 652 filius
1347 615 1441 648 non
1472 608 1539 648 est
1568 606 1703 661 pater,
1735 604 1815 648 sed
1846 605 2023 661 genitus

205 690 225 719 ε
243 686 269 718 a
300 678 434 731 patre.
455 690 498 719 33
557 674 794 730 Iungitur
814 686 824 697 ·
847 688 883 719 s.
906 675 994 720 hoc
1024 687 1205 720 nomen.
1226 691 1269 720 33
1329 674 1555 732 Spiritus
1577 687 1588 697 ·
1611 675 1798 732 Spiritus
1819 676 2023 720 absolute

242 745 299 789 de
334 749 426 789 tota
466 745 653 789 trinitate
692 749 840 802 potest
882 746 1135 802 praedicari,
1175 746 1289 790 sicut
1327 746 1538 790 dominus
1570 746 1675 790 dicit
1710 746 1754 790 in
1786 747 2021 803 evangelio

241 815 350 873 (1011.
372 816 413 869 4,
435 816 493 859 24
514 815 620 872 sq.):
658 820 781 872 pater
809 816 986 873 spiritus
1017 821 1083 861 est
1117 851 1126 861 .
1161 817 1221 861 Ita
1252 821 1399 873 potest
1430 817 1516 861 dici
1548 817 1680 861 ‘filius
1716 818 1894 875 spiritus
1926 818 2020 871 est’,

239 886 320 931 sed
359 890 464 930 tunc
503 886 685 943 quando
725 899 827 931 cum
858 887 1159 932 additamento
1191 888 1302 932 dicis
1342 888 1533 944 ‘spiritus
1569 887 1776 942 sanctus'‚
1813 889 2022 946 intelligis

240 957 359 1002 illam
389 957 557 1002 tertiam
589 969 841 1014 personam,
874 970 989 1014 quae
1020 962 1087 1002 est
1117 959 1162 1002 in
1195 959 1386 1003 essentia
1417 993 1427 1003 .
1460 958 1618 1003 Graeci
1650 960 1781 1003 etiam
1813 972 1914 1004 cum
1946 960 2022 1004 ad-

188 1045 224 1074 10
240 1028 431 1081 dicione,
462 1028 507 1072 id
538 1033 606 1072 est
625 1028 835 1085 epitheto,
867 1029 982 1072 hanc
1011 1030 1179 1073 tertiam
1210 1030 1436 1086 proferunt
1464 1042 1700 1087 personam
1724 1030 1921 1075 dicentes
1946 1041 2020 1077 το

239 1104 315 1144 art.
339 1110 491 1145 ΑΓιοΝ
523 1104 724 1144 sanctum
754 1107 966 1145 ΠΝΕΤΜΑ
994 1101 1209 1157 spiritum.
1230 1116 1273 1144 33
1324 1101 1460 1144 Idem
1486 1113 1497 1122 ·
1521 1101 1767 1145 masculino
1789 1113 1966 1157 genere.
1979 1118 2022 1146 33

240 1170 481 1225 Quodam
512 1171 669 1215 modo
693 1183 703 1192 ·
726 1171 772 1215 id
803 1175 871 1215 est
900 1171 1200 1227 personaliter.
1222 1187 1264 1216 33
1334 1171 1475 1215 Haec
1498 1183 1508 1193 ·
1533 1184 1570 1215 s.
1594 1172 1791 1216 nomina.
1813 1189 1855 1216 33
1915 1172 2021 1216 Ali-

240 1242 391 1286 cuius
414 1254 423 1264 ·
446 1242 614 1286 scilicet
643 1242 777 1299 patris
798 1246 842 1286 et
870 1242 963 1295 filii,
996 1242 1098 1286 licet
1119 1241 1276 1286 Graeci
1298 1242 1447 1286 dicant
1466 1254 1492 1285 a
1513 1241 1614 1286 solo
1637 1246 1759 1298 patre
1780 1243 2021 1299 procedere

237 1313 439 1370 spiritum
470 1317 671 1357 sanctum
694 1347 704 1357 .
728 1312 817 1357 Sed
850 1313 1171 1357 convincuntur
1201 1313 1468 1357 auctoritate.
1490 1329 1533 1357 33
1614 1313 1738 1357 Haec
1768 1318 1915 1358 autem
1948 1315 2021 1358 he·

187 1384 347 1428 isresis
378 1396 520 1441 nuper
550 1388 644 1428 orta
674 1388 753 1438 est,
784 1388 985 1441 tempore
1015 1384 1182 1429 scilicet
1201 1384 1377 1428 Nicolai
1408 1396 1553 1440 papae
1584 1383 1658 1440 (cf.
1680 1397 1823 1457 ffcpra
1846 1398 1895 1441 p.
1929 1385 2019 1442 25),

239 1459 283 1499 et
311 1460 359 1499 ut
387 1455 519 1500 fertur
549 1468 683 1500 causa
722 1455 915 1500 invidiae
955 1456 1132 1500 inventa
1167 1490 1177 1499 .
1212 1455 1466 1499 Praedictus
1507 1455 1624 1498 enim
1666 1467 1784 1511 papa
1815 1455 2019 1512 Bulgros,

239 1526 315 1582 qui
345 1530 449 1570 sunt
480 1526 661 1571 Graecis
691 1526 839 1580 vicini,
879 1527 1020 1570 misso
1051 1526 1270 1583 episcopo
1302 1526 1520 1570 Formoso
1552 1526 1766 1570 convertit
1794 1527 1851 1570 ad
1882 1527 2019 1571 fidem

238 1596 396 1641 Christi
419 1631 429 1641 .
453 1597 602 1651 Quare
624 1597 781 1642 Graeci
813 1597 932 1641 ducti
964 1597 1142 1650 invidia,
1174 1597 1422 1640 nescientes
1450 1596 1635 1652 qualiter
1654 1596 1867 1641 Romanis
1899 1597 2022 1642 aliter

238 1668 513 1724 derogarent,
560 1668 820 1713 invenerunt
862 1669 975 1712 hanc
1019 1668 1223 1721 heresim,
1272 1668 1378 1711 fidei
1422 1667 1664 1711 catholicae
1706 1673 2018 1724 repugnantes,

183 1752 221 1782 ao
238 1739 365 1796 quasi
396 1739 574 1796 spiritus
605 1743 784 1783 sanctus
815 1752 841 1783 a
871 1739 973 1783 solo
1005 1743 1126 1795 patre
1158 1739 1370 1795 procedat
1400 1773 1409 1782 .
1443 1737 1591 1791 Quam
1632 1750 1723 1782 rem
1765 1739 1892 1782 refert
1921 1740 2019 1796 ipse

235 1822 354 1870 papa
383 1810 428 1854 in
460 1810 675 1867 epistolis,
717 1822 829 1866 quas
860 1822 939 1867 per
970 1809 1137 1854 Gallias
1170 1810 1345 1853 mittens
1378 1808 1575 1853 Graecos
1608 1813 1761 1865 utpote
1801 1810 2019 1854 hereticos

237 1881 527 1926 damnavit.ss
578 1880 1343 1926 <Nec...>substantialiter·sed
1361 1879 1713 1936 personaliter.ss
1763 1880 2016 1925 Eundem·

235 1952 281 1996 id
312 1956 380 1996 est
409 1951 651 1996 relativum.
672 1967 715 1996 33
774 1951 892 1996 Non
924 1951 1186 2008 pertinere
1209 1963 1219 1973 ·
1242 1964 1277 1995 S.
1301 1963 1486 1995 necesse
1518 1955 1596 1995 est.
1618 1967 1661 1995 33
1722 1951 1864 1995 Haec
1895 1957 2019 1996 sunt

236 2035 348 2067 mea
387 2023 526 2067 dicta
557 2034 568 2045 ·
599 2035 692 2067 non
724 2023 847 2079 quod
879 2022 1043 2066 dubius
1074 2026 1118 2066 et
1147 2022 1327 2078 ignarus
1358 2022 1414 2065 sit
1442 2021 1634 2066 veritatis
1671 2022 1781 2065 haec
1812 2022 2018 2079 loquitur,

184 2094 319 2140 assed
366 2094 470 2150 quia
516 2106 618 2138 cum
663 2094 759 2138 viro
805 2093 1020 2150 prudente
1063 2105 1112 2137 se
1155 2093 1279 2149 loqui
1324 2092 1570 2148 cognoscit,
1624 2092 1727 2136 ideo
1779 2093 1882 2137 talia
1924 2106 2019 2150 per·

236 2165 446 2221 sequitur.
467 2181 510 2209 33
582 2164 654 2208 Ex
683 2164 792 2208 fide
815 2175 825 2186 ·
847 2164 1094 2208 secundum
1126 2163 1278 2206 fidem.
1299 2178 1342 2207 33
1417 2162 1583 2206 Instru
1593 2175 1647 2206 as
1671 2175 1680 2184 ·
1704 2162 1955 2208 confirmes.
1976 2180 2019 2209 33

238 2235 489 2280 Diversus
521 2247 531 2257 ·
563 2248 599 2279 s.
630 2235 877 2279 intellectus
908 2234 1149 2278 contrarius
1180 2233 1360 2278 veritati.
1382 2249 1424 2277 33
1543 2232 1604 2276 Et
1633 2233 1792 2277 fidem
1822 2245 1832 2255 ·
1861 2234 2016 2278 Fidem

238 2306 363 2350 multi
393 2306 570 2359 habent,
602 2306 815 2350 rationem
848 2309 994 2349 autem
1017 2305 1261 2348 admodum
1294 2304 1437 2360 pauci,
1470 2304 1515 2347 id
1547 2308 1614 2347 est
1642 2304 1728 2348 soli
1758 2305 1982 2361 sapientes
2005 2340 2015 2350 .

238 2377 327 2421 Sed
359 2389 438 2434 per
466 2377 602 2420 fidem
623 2376 795 2420 venitur
814 2376 870 2420 ad
891 2376 1119 2428 rationem,
1151 2375 1270 2419 unde
1292 2379 1335 2418 et
1355 2375 1635 2431 evangelium
1657 2375 1762 2419 dicit
1782 2374 1855 2431 (cs.
1876 2388 2018 2432 supra

182 2465 222 2494 ao
231 2460 280 2504 p.
295 2447 323 2491 6
345 2447 450 2491 adn.
470 2447 530 2504 1):
553 2447 638 2491 nisi
655 2447 921 2491 credideritis
942 2458 1034 2490 non
1057 2445 1306 2502 intelligetis
1321 2480 1331 2489 .
1347 2445 1466 2501 Ergo
1488 2445 1645 2489 melior
1660 2449 1726 2489 est
1745 2446 1859 2490 fides
1882 2458 2015 2502 quam

238 2519 347 2563 ratio
364 2552 374 2562 .
394 2517 636 2575 Gregorius
664 2517 755 2574 (XL
773 2518 909 2562 Hom.
926 2519 974 2561 in
998 2517 1175 2572 Evang.
1193 2517 1240 2569 11,
1258 2516 1352 2573 26):
1384 2516 1498 2560 fides
1528 2528 1621 2560 non
1652 2517 1786 2560 habet
1814 2517 2015 2561 meritum

238 2590 309 2634 cui
339 2590 533 2633 humana
562 2589 671 2633 ratio
701 2589 882 2645 praebet
910 2588 1257 2645 experimentum
1281 2622 1290 2631 .
1313 2587 1447 2631 Pauci
1470 2587 1587 2631 enim
1618 2591 1722 2631 sunt
1742 2588 1817 2644 qui
1849 2588 2016 2632 ratione

238 2660 412 2717 possint
441 2660 702 2704 confirmare
724 2659 769 2703 id
791 2660 914 2716 quod
945 2659 1127 2703 credunt
1149 2693 1159 2702 .
1182 2658 1236 2702 Et
1267 2659 1354 2702 hoc
1383 2658 1558 2702 fuerunt
1588 2658 1679 2702 duo
1710 2659 1902 2715 apostoli
1925 2672 2016 2703 cur-

238 2735 382 2775 rentes
412 2731 469 2775 ad
500 2734 854 2775 monumentum.
904 2730 1125 2774 lohannes
1155 2729 1322 2773 scilicet
1352 2729 1474 2782 ratio,
1507 2729 1660 2773 Petrus
1690 2729 1818 2783 fides,
1859 2742 2016 2774 monu-

379 2872 404 2907 4
428 2873 638 2919 unigenitus
664 2871 736 2908 TM
853 2871 877 2907 8
902 2872 995 2907 dicis
1026 2881 1100 2907 nur
1122 2871 1162 2907 in
1186 2871 1220 2906 B
1350 2870 1374 2907 9
1398 2881 1494 2916 quae
1520 2891 1562 2896 —
1593 2870 1637 2906 10
1660 2880 1857 2917 personam
1882 2867 1955 2906 om.
1984 2869 2017 2907 C

237 2930 272 2967 9.
301 2930 346 2966 10
370 2931 565 2967 addicione
588 2930 633 2973 B,
682 2931 930 2967 additamento
956 2932 1040 2966 cett.
1146 2930 1191 2966 10
1218 2935 1326 2970 ΤΟΝ
1354 2930 1461 2966 codd.
1561 2930 1600 2965 11
1631 2934 1879 2968 ΠΝΕΟΥΜΑ
1907 2930 2013 2965 codd.

242 2989 286 3026 13
311 2990 449 3026 scilicet
473 3000 546 3026 om.
577 2988 612 3026 C
787 2990 834 3026 22
863 2990 1049 3026 damnavit
1070 3017 1079 3025 .
1103 2990 1310 3026 Trinitatem
1336 2999 1411 3025 non
1437 2988 1719 3024 substantialiter
1744 2988 1791 3023 de
1816 2987 1888 3023 deo
1913 2998 2015 3034 prae-

240 3050 411 3086 dicari&
430 3047 464 3085 C
579 3049 828 3095 personaliter.
845 3060 883 3084 33
931 3048 1018 3092 Qui
1044 3050 1159 3084 enim
1179 3059 1188 3066 ·
1204 3049 1273 3084 sed
1297 3048 1545 3094 personaliter.
1563 3058 1600 3082 33
1626 3045 1668 3087 C,
1716 3046 1845 3082 diesen
1870 3046 2014 3082 Zusatz

239 3109 368 3144 lassen
384 3107 446 3143 dt‘e
461 3108 608 3143 andem
623 3107 918 3151 Handsdm‘sten
934 3116 1021 3152 weg
1101 3107 1148 3142 27
1173 3106 1387 3142 Diumsus
1414 3104 1448 3142 C
1529 3105 1576 3141 29
1599 3104 1755 3150 venitur]
1783 3103 1825 3145 C,
1850 3107 1951 3142 venit
1976 3105 2013 3148 Τ,

239 3168 447 3213 pervenitur
470 3166 537 3202 BF
608 3166 657 3202 34
681 3166 821 3202 scilicet
845 3175 917 3202 om.
937 3164 1003 3202 CB

311 3225 443 3260 Quellen
463 3233 494 3253 u.
507 3224 691 3253 Untmueu.
706 3232 734 3252 z.
748 3225 800 3253 lat.
814 3223 987 3260 Pnnologie
1005 3224 1062 3252 des
1080 3223 1150 3252 ΜΛ.
1187 3223 1210 3256 1,
1219 3223 1247 3251 2
1799 3223 1823 3258 4
