2352 3568
19 2847 31 2858 ι
8 2733 24 2776 ff
3 2547 24 2704 *ms-..tw
3 2240 27 2558 (fia-rs-..szffaez-*y-vff-...m-a.„x
6 2203 14 2211 υ
7 2173 22 2190 γ’
17 2146 20 2147 ,
11 2129 13 2131 -
7 1961 10 1963 ’
6 1856 8 1858 ”
8 1711 9 1714 ⁴
7 1554 10 1555 ¹
5 1478 7 1482 “
5 1416 7 1418 ⁴
8 1390 11 1392 ¹
5 1159 23 1339 “’”‘·‘·>*!·*·2⁴>⁴‘-‘-·
8 1129 15 1132 ¹
8 1042 23 1098 -rcwv

944 247 1132 285 lohannes
1157 246 1315 284 Scottus.
1966 249 2024 293 39

81 393 191 428 issar
246 377 526 423 dicaverim
551 390 561 400 ·
584 378 972 436 pronuntiaverim.
997 391 1040 421 ss
1106 377 1218 422 illis
1240 389 1251 400 ·
1273 377 1319 422 id
1338 381 1407 422 est
1426 376 1632 422 Arrianis.
1657 390 1701 420 ss
1762 377 2022 423 Imminet·

246 450 373 506 quasi
405 449 598 507 desuper
636 450 864 508 impendet
898 485 908 495 .
942 450 997 494 Et
1036 449 1316 494 adtendenda
1356 453 1425 493 est
1461 449 1530 493 vis
1560 449 1703 502 verbi;
1751 449 1874 506 quod
1906 450 2024 494 enim

245 520 445 565 imminet
474 533 609 578 super
647 526 780 579 caput
810 526 876 566 est
907 522 1034 578 quasi
1071 521 1221 566 subito
1253 533 1470 574 casurum,
1512 520 1638 577 quasi
1679 520 1766 564 iam
1800 520 2027 577 impendet

245 590 302 635 ad
318 591 492 636 illorum
509 593 798 638 interitum.ss
834 591 1606 648 Distantia<m>·idestquosdam
1622 591 1856 648 gradus.ss
1898 591 2026 636 Esse

208 677 228 706 5
246 663 568 719 ponentibus
590 675 600 686 ·
624 663 728 720 quia
757 663 1014 720 simpliciter
1043 667 1111 708 est
1141 663 1264 720 quod
1296 667 1375 707 est.
1397 675 1440 704 ss
1505 661 1734 706 Trinitas
1757 674 1768 684 ·
1791 662 2022 707 Habemus

244 738 391 778 autem
440 746 728 791 personarum
778 735 1105 779 distinctionem
1157 739 1201 779 et
1249 734 1520 791 operationis
1562 734 1978 791 inseparabilitatem
2012 769 2022 778 .

245 803 351 848 Non
383 805 501 849 enim
524 809 729 862 operatur
758 805 877 850 aliud
909 810 1032 863 pater
1062 818 1196 862 quam
1228 805 1347 849 filius
1378 817 1430 849 ac
1460 805 1637 862 spiritus
1668 809 1847 849 sanctus
1878 817 2025 862 neque

245 875 364 919 aliud
395 876 513 920 filius
545 889 599 920 ac
625 877 803 933 spiritus
834 882 1013 921 sanctus
1045 890 1180 934 quam
1211 881 1347 934 pater.
1399 876 1681 921 Nativitatem
1714 889 1896 934 quoque
1927 889 2026 934 pas-

243 946 419 990 sionem
451 951 494 991 et
529 947 890 992 resurrectionem
931 948 1279 1004 inseparabiliter
1308 948 1477 1004 operati
1508 951 1643 991 sunt.
1666 947 1732 992 Sit
1762 948 1850 991 hoc
1880 959 2025 991 exem-

193 1032 228 1061 ιο
244 1017 368 1074 plum
391 1052 401 1062 .
424 1017 631 1074 Namque
652 1018 771 1062 aliud
787 1018 970 1063 voc'atur
990 1019 1248 1072 intellectus,
1271 1019 1391 1063 aliud
1413 1018 1631 1071 voluntas,
1655 1018 1774 1062 aliud
1796 1017 2024 1062 memoria.

241 1088 461 1133 Memoria
492 1101 659 1133 nomen
690 1091 757 1133 est
787 1090 919 1133 unius
950 1101 1005 1133 ex
1035 1090 1120 1133 illis
1150 1090 1302 1142 tribus,
1335 1093 1379 1133 et
1407 1093 1558 1133 tamen
1590 1090 1678 1134 hoc
1708 1101 1875 1134 nomen
1906 1088 2023 1132 illius

242 1159 322 1203 tn‘a
361 1160 459 1217 ipsa
498 1164 678 1217 operata
722 1164 837 1204 sunt.
908 1160 1014 1205 Non
1062 1161 1180 1204 enim
1225 1161 1369 1217 potuit
1411 1161 1497 1204 dici
1541 1160 1639 1204 sola
1682 1160 1896 1204 memoria
1940 1159 2025 1203 nisi

242 1235 454 1287 operante
483 1231 723 1284 voluntate,
762 1231 984 1275 intellectu
1016 1235 1059 1275 et
1089 1231 1317 1284 memoria,
1355 1231 1437 1275 sed
1468 1231 1713 1275 intellectus
1746 1235 1789 1275 et
1818 1231 2023 1275 voluntas

242 1313 335 1345 non
366 1306 514 1359 potest
543 1302 630 1346 dici
660 1303 746 1346 nisi
777 1307 988 1360 operante
1027 1303 1255 1347 memoria.
1327 1302 1695 1359 Unumquodque
1731 1314 1839 1358 ergo
1871 1313 2024 1345 eorum

191 1387 226 1415 ιε
242 1372 322 1417 tria
350 1373 560 1427 fecerunt,
600 1374 680 1418 sed
720 1379 869 1419 tamen
909 1376 997 1419 hoc
1035 1387 1172 1418 unum
1206 1374 1330 1431 quod
1370 1374 1448 1418 tria
1488 1374 1685 1418 fecerunt
1725 1386 1817 1418 non
1859 1373 1916 1417 ad
1946 1373 2025 1417 tria

244 1444 443 1500 pertinet,
474 1445 555 1490 sed
586 1445 643 1489 ad
674 1459 812 1490 unum
843 1446 936 1499 tria,
968 1446 1191 1502 siquidem
1224 1458 1392 1490 nornen
1424 1446 1666 1490 memoriae
1697 1445 1912 1497 fecerunt;
1944 1444 2024 1488 sed

244 1515 332 1559 hoc
362 1527 454 1560 non
485 1517 671 1573 pertinet
702 1518 787 1562 nisi
818 1518 876 1562 ad
906 1517 1050 1562 solam
1082 1518 1342 1562 memoriam
1376 1551 1386 1561 .
1417 1517 1492 1562 Sic
1519 1517 1599 1560 tria
1629 1517 1826 1561 fecerunt
1856 1527 2023 1559 nomen

242 1585 488 1631 intellectus
518 1590 562 1632 et
600 1601 767 1632 nomen
797 1588 1049 1642 voluntatis,
1090 1588 1170 1632 sed
1211 1589 1321 1632 haec
1352 1599 1534 1644 quoque
1566 1587 1622 1631 ad
1654 1599 1703 1631 se
1742 1586 1889 1630 solum
1930 1598 2025 1643 per·

241 1656 394 1701 tinent.
455 1658 629 1703 Eodem
660 1660 791 1716 igitur
821 1660 960 1704 modo
993 1659 1205 1716 quicquid
1236 1660 1281 1703 in
1313 1659 1487 1704 Christo
1519 1663 1562 1702 et
1591 1670 1670 1715 per
1701 1658 1920 1702 Christum
1953 1657 2024 1701 dei

189 1740 227 1769 ω
243 1731 288 1772 et
317 1728 512 1774 hominis
542 1730 683 1774 filium
723 1731 886 1775 factum
918 1733 998 1784 est,
1039 1731 1170 1775 simul
1201 1733 1294 1775 tota
1323 1731 1490 1774 trinitas
1523 1733 1703 1786 operata
1734 1733 1813 1782 est,
1855 1729 1935 1772 sed
1967 1729 2024 1772 ad

242 1799 390 1856 ipsum
420 1801 668 1858 specialiter
696 1804 838 1846 totum
870 1802 1087 1859 pertinuit.
1136 1800 1343 1846 Similiter
1372 1805 1415 1845 et
1446 1801 1502 1845 de
1533 1800 1630 1844 aliis
1662 1800 1872 1857 operibus
1903 1798 2025 1843 intel-

242 1870 497 1928 legendum,
537 1872 625 1917 hoc
655 1877 722 1916 est
752 1876 795 1917 et
834 1872 1162 1917 distinctionem
1203 1883 1493 1929 personarum
1534 1875 1576 1915 et
1616 1870 1920 1927 operationem
1962 1870 2023 1913 in-

242 1942 548 1998 separabilem.
569 1955 613 1985 ss
686 1942 804 1987 Non
836 1955 1040 1989 omnem
1064 1954 1074 1965 ·
1096 1943 1177 1987 sed
1209 1946 1422 1999 quantum
1453 1941 1760 1998 repetitionem
1792 1941 2020 1994 unitatum,

242 2011 363 2057 illam
393 2013 560 2058 scilicet
590 2026 705 2070 quae
735 2018 803 2058 est
832 2014 878 2058 in
909 2026 1095 2058 nurnero
1127 2026 1219 2070 quo
1251 2025 1548 2058 numeramus.
1570 2025 1614 2054 ss
1718 2012 1835 2056 Non
1866 2024 1989 2056 vero
2013 2024 2022 2033 ·

189 2095 226 2125 25
243 2082 483 2128 Sabelliani
523 2085 650 2141 quasi
690 2085 979 2129 multivocum
1019 2084 1226 2128 dicebant
1271 2088 1439 2141 patrem
1480 2088 1523 2128 et
1560 2083 1701 2127 filiurn
1742 2087 1786 2127 et
1824 2083 2023 2139 spiritum

242 2158 443 2199 sanctum
467 2189 477 2199 .
498 2155 716 2200 Volebant
736 2156 854 2199 enim
885 2155 1174 2200 solummodo
1205 2167 1339 2199 unam
1361 2166 1461 2199 esse
1491 2166 1743 2211 personam,
1774 2157 1822 2197 ut
1843 2153 2024 2209 quando

243 2225 375 2270 vellet
394 2237 495 2270 esse
514 2230 650 2282 pater,
677 2226 832 2270 iterum
854 2238 935 2282 pro
956 2226 1182 2270 voluntate
1204 2229 1321 2269 esset
1341 2225 1459 2269 filius
1478 2225 1550 2270 vel
1572 2225 1748 2281 spiritus
1768 2228 1960 2267 sanctus.
1982 2236 2026 2266 ss

245 2293 411 2348 Quasi
450 2296 791 2341 multivocum
823 2308 833 2319 ·
867 2297 994 2353 quasi
1025 2308 1114 2340 una
1153 2307 1345 2352 persona
1383 2296 1522 2339 tn’bus
1561 2295 1618 2338 sit
1656 2295 1916 2339 nominibus
1947 2307 2023 2351 ap-

245 2365 419 2422 pellata.
439 2379 484 2409 ss
603 2367 719 2424 lpse
750 2371 860 2411 est·
882 2367 928 2411 id
960 2371 1027 2411 est
1057 2379 1145 2411 una
1176 2378 1258 2410 res.
1281 2379 1324 2408 ss
1444 2366 1505 2410 Et
1535 2365 1672 2409 idem
1706 2377 1715 2387 ·
1748 2365 1793 2409 id
1825 2369 1892 2409 est
1922 2365 2024 2409 sub-

190 2449 228 2478 ³0
245 2437 417 2482 stantia.
437 2449 480 2480 ss
578 2437 715 2482 Idem
739 2450 748 2460 ·
771 2437 981 2482 Notanda
1012 2442 1079 2482 est
1110 2437 1354 2482 differentia
1384 2437 1495 2480 inter
1525 2436 1643 2480 idem
1676 2440 1719 2480 et
1749 2436 1883 2488 idem,
1915 2436 2025 2480 inter

245 2507 342 2564 ipse
372 2512 416 2552 et
445 2508 607 2565 ipsum,
639 2509 750 2552 inter
778 2508 1071 2552 masculinum
1104 2512 1147 2552 et
1177 2512 1378 2552 neutrum
1408 2519 1554 2564 genus
1582 2541 1592 2551 .
1620 2506 1872 2551 Masculino
1903 2506 2022 2550 enim

243 2590 407 2636 genere
446 2591 639 2636 persona
677 2579 933 2633 ostenditur,
974 2583 1129 2623 neutro
1169 2579 1425 2623 substantia.
1488 2577 1607 2634 Ergo
1648 2577 1760 2621 alius
1797 2580 1864 2620 est
1903 2580 2025 2633 pater

245 2662 379 2707 quam
409 2650 541 2703 filius,
572 2649 653 2693 sed
683 2662 777 2694 non
807 2650 927 2694 aliud
950 2684 961 2694 .
983 2649 1085 2694 Hoc
1105 2654 1172 2694 est
1197 2650 1328 2706 igitur
1357 2653 1480 2706 pater
1510 2648 1634 2705 quod
1655 2647 1787 2700 filius,
1819 2647 1900 2691 sed
1931 2659 2024 2691 non

245 2720 365 2765 idem
405 2724 472 2765 est
510 2724 632 2777 pater
662 2720 738 2776 qui
777 2720 895 2764 filius
929 2755 939 2765 .
974 2720 1112 2774 Quod
1152 2720 1334 2777 pulchre
1366 2719 1574 2764 Sedulius
1604 2718 1731 2762 refert
1760 2718 1819 2762 ita
1850 2717 2022 2775 (Ραεόι.

192 2803 229 2832 3⁵
248 2790 397 2836 Carm.
419 2792 545 2836 1319
563 2791 670 2848 sq.):
720 2804 813 2836 non
853 2792 957 2849 quia
988 2792 1064 2848 qui
1103 2780 1305 2836 summus
1345 2795 1468 2848 pater
1497 2795 1564 2835 est
1603 2794 1647 2834 et
1683 2789 1802 2833 filius
1842 2790 1913 2833 hic
1943 2793 2023 2842 est,

245 2861 327 2906 sed
358 2862 462 2918 quia
493 2862 615 2919 quod
646 2875 848 2907 summus
879 2867 1002 2920 pater
1032 2867 1099 2907 est
1128 2867 1171 2907 et
1200 2863 1319 2906 filius
1349 2863 1438 2907 hoc
1468 2866 1566 2906 est.
1590 2861 1675 2904 Hic
1694 2861 1867 2905 videtur
1896 2860 2023 2916 quasi

246 2932 449 2976 tenebras
477 2933 693 2977 incurrere
724 2938 767 2977 et
796 2933 885 2977 labi
915 2934 961 2977 in
993 2945 1181 2978 errorem
1203 2933 1569 2984 Sabellianorum,
1602 2931 1677 2987 qui
1709 2930 1860 2974 dicunt
1889 2942 2023 2974 unam

388 3097 413 3134 9
436 3096 565 3144 Sitque
590 3097 695 3133 TMF
774 3097 818 3134 13
843 3098 1027 3134 intellectu
1052 3099 1230 3134 memoria
1249 3096 1283 3134 C
1377 3096 1424 3132 25
1448 3095 1524 3132 Sed
1548 3095 1697 3131 belliani
1725 3093 1759 3131 C
1845 3094 1892 3130 26
1915 3094 2023 3130 Vole-

178 3180 181 3182 -
248 3157 335 3193 bant
358 3177 406 3182 —
430 3156 477 3192 27
501 3158 649 3203 spiritus
674 3160 820 3193 sanctus
845 3166 917 3193 om.
937 3155 971 3193 C
1075 3156 1123 3192 36
1148 3158 1234 3202 quia
1258 3152 1332 3192 om'.
1352 3154 1387 3192 C
