2352 3568
951 250 1139 288 ,lohannes
1163 250 1321 289 Scottus,
1965 257 2022 300 73

18 416 21 418 ,
59 387 193 424 ³⁰⁵.oe
244 380 446 438 flagellis,
467 381 623 438 spinea
639 393 818 435 corona,
841 384 1068 439 postremo
1085 383 1224 427 crucis
1241 383 1451 428 affixione
1469 384 1773 430 crudelissime
1788 385 2021 430 damnatus

243 455 322 496 est.
343 467 387 496 33
462 452 687 497 Homine
710 464 720 474 ·
742 465 779 497 s.
801 453 967 510 aliquo.
988 469 1032 499 33
1105 453 1273 499 Stulte
1296 466 1306 476 ·
1329 455 1374 499 id
1405 459 1473 500 est
1502 455 1669 500 frustra.
1691 472 1734 500 33
1810 456 2019 501 Factum

243 527 320 567 est
353 534 364 545 ·
400 535 436 567 s.
470 523 516 567 in
559 523 661 569 deo.
694 540 737 569 33
835 523 1089 569 Eutichen
1123 537 1134 547 ·
1167 538 1203 570 s.
1237 526 1350 570 sicut
1389 527 1637 571 secundum
1681 527 1949 573 Nestorium.
1980 544 2022 573 33

242 593 421 638 Genus
464 594 739 639 humanum
775 607 786 617 ·
819 594 962 652 Supra
991 600 1341 652 argumentatum
1372 601 1440 642 est
1467 609 1612 654 genus
1643 598 1886 643 humanum
1927 611 2021 643 non

205 681 225 710 ⁵
242 676 343 709 esse
372 665 601 719 salvatum,
642 666 695 718 si,
739 670 787 710 ut
815 665 1048 711 Nestorius
1087 667 1207 720 dixit,
1251 668 1336 712 alia
1367 671 1485 713 esset
1514 669 1587 713 dei
1618 673 1662 713 et
1699 669 1784 714 alia
1827 670 2020 714 hominis

241 748 433 792 persona
455 771 465 781 .
487 736 694 781 Similiter
712 749 821 793 ergo
847 738 936 782 hoc
965 738 1069 782 loco
1101 743 1437 795 argumentatur,
1468 740 1507 784 si
1537 740 1783 785 secundum
1805 740 2020 785 Eutichen

242 819 344 852 caro
374 807 568 851 humana
599 820 625 851 a
655 807 743 852 deo
775 813 1002 866 assumpta
1032 814 1229 866 negatur.
1251 826 1293 855 33
1366 810 1555 868 Egeret
1576 823 1586 834 ·
1609 812 1654 856 id
1686 816 1753 856 est
1782 812 2019 856 subiacens

242 878 443 935 originali
474 883 673 935 peccato,
698 895 741 923 33
836 879 1079 925 Traxisse
1102 893 1112 903 ·
1135 882 1236 926 Hoc
1267 883 1448 939 quidem
1480 895 1572 927 non
1604 883 1868 928 affirmando
1901 883 2018 936 dicit,

239 949 320 994 sed
352 949 479 1006 quasi
510 949 569 993 ita
598 949 797 995 videatur
826 951 1021 996 sensisse
1051 952 1272 1006 Eutiches,
1305 965 1406 998 cum
1438 966 1531 998 non
1562 955 1759 999 senserit.
1781 971 1823 999 33
1928 954 2020 998 Er-

188 1035 224 1064 ιο
240 1021 372 1065 roris
394 1033 405 1043 ·
426 1021 472 1064 id
503 1025 589 1065 est:
620 1021 658 1065 si
688 1022 833 1078 potuit
863 1034 962 1067 esse
991 1024 1100 1067 tanti
1130 1025 1286 1068 erroris
1317 1026 1546 1069 hereticus.
1567 1041 1610 1070 33
1677 1025 1959 1070 Continet·
1982 1038 2019 1070 s.

238 1091 336 1148 ipse
366 1091 587 1136 Eutiches.
608 1108 651 1137 33
721 1092 839 1137 Non
870 1094 1108 1138 ascendit
1130 1107 1140 1116 ·
1162 1094 1400 1140 Asserebat
1429 1096 1636 1140 Eutiches.
1668 1109 1830 1153 corpus
1862 1096 2019 1141 Christi

238 1175 332 1207 non
372 1175 426 1207 ex
463 1163 604 1208 Maria
634 1163 803 1221 virgine
844 1164 983 1208 fuisse
1027 1170 1267 1222 sumptum,
1311 1167 1391 1210 sed
1434 1167 1480 1210 in
1520 1167 1645 1211 caelo
1687 1167 1923 1211 formatum
1964 1180 2019 1212 ex

237 1238 348 1278 terra
389 1234 583 1291 indeque
622 1235 826 1292 angelico
867 1236 1109 1280 ministerio
1141 1237 1394 1294 depositum
1435 1238 1480 1281 in
1518 1242 1687 1282 uterum
1719 1239 1915 1294 virginis,
1962 1239 2018 1283 de

239 1317 331 1361 quo
362 1305 470 1349 illud
501 1306 790 1362 egrederetur,
821 1318 915 1350 non
944 1311 1094 1351 tamen
1125 1307 1291 1364 aliquid
1323 1320 1377 1352 ex
1396 1309 1579 1365 virginis
1600 1321 1731 1353 carne
1760 1310 2016 1354 traheretur.

186 1389 221 1418 ιε
237 1375 365 1421 Verbi
406 1378 564 1433 gratia:
607 1377 733 1430 sicut,
777 1390 878 1422 cum
923 1378 1108 1434 quilibet
1150 1379 1335 1423 domum
1376 1380 1617 1436 ingreditur
1659 1392 1793 1426 <nec>
1839 1393 1932 1425 non
1976 1383 2019 1425 et

237 1447 392 1492 iterum
425 1449 658 1510 egreditur,
699 1449 796 1506 ipse
837 1449 912 1505 qui
952 1449 1178 1506 ingressus
1210 1455 1277 1494 est
1315 1451 1412 1508 ipse
1444 1451 1695 1507 regreditur,
1737 1464 1829 1496 non
1869 1454 2016 1496 tamen

238 1518 295 1563 de
326 1518 465 1563 domo
504 1531 655 1563 secum
688 1519 855 1576 aliquid
894 1521 1034 1573 trahit,
1075 1521 1134 1565 ita
1173 1533 1281 1578 ergo
1322 1522 1497 1566 dicebat
1528 1522 1747 1566 Christum
1779 1535 1805 1566 a
1834 1523 2018 1580 virginis

237 1593 361 1634 utero
404 1602 646 1646 egressum,
676 1591 886 1635 seductus
925 1591 998 1635 illa
1030 1592 1249 1648 evangelii
1290 1594 1506 1637 sententia
1542 1593 1619 1650 (Io.
1652 1593 1694 1646 3,
1732 1594 1822 1651 13):
1868 1597 2016 1639 ‘nemo

238 1661 437 1706 ascendit
465 1661 511 1705 in
542 1661 743 1715 caelum’,
776 1666 819 1706 et
848 1662 1015 1719 reliqua
1037 1698 1047 1707 .
1071 1663 1243 1708 Putavit
1273 1664 1406 1716 enim,
1439 1665 1562 1720 quod
1594 1665 1691 1721 ipse
1714 1665 1923 1710 dominus
1954 1666 2017 1709 di-

183 1742 221 1771 20
237 1736 354 1776 ceret
382 1744 432 1776 se
462 1733 593 1777 etiam
624 1733 871 1777 secundum
904 1746 1078 1778 carnem
1112 1735 1397 1780 descendisse
1429 1736 1486 1780 de
1518 1737 1657 1789 caelo,
1698 1749 1800 1780 cum
1833 1737 2014 1781 diceret:

237 1803 335 1847 ‘nisi
376 1803 452 1860 qui
492 1804 550 1847 de
589 1804 715 1848 caelo
756 1804 997 1848 descendit'
1034 1839 1044 1849 .
1078 1805 1168 1850 Sed
1209 1806 1323 1850 fides
1362 1811 1515 1851 sancta
1545 1807 1668 1851 aliter
1707 1808 1826 1852 hunc
1865 1808 2014 1852 locum

235 1874 438 1931 intelligit
473 1909 483 1919 .
522 1875 719 1919 Christus
766 1879 898 1932 caput
947 1880 1015 1920 est
1055 1877 1256 1921 omnium
1301 1877 1540 1922 electorum
1593 1883 1636 1922 et
1687 1891 1846 1923 omnes
1889 1879 2016 1923 electi

235 1946 434 1990 membra
464 1950 567 1990 sunt
597 1946 757 1991 Christi
792 1981 802 1992 .
837 1947 986 2003 Itaque
1027 1948 1103 1992 ubi
1136 1948 1333 1992 membra
1365 1949 1522 1993 Chn'sti
1554 1950 1717 1994 cotidie
1757 1951 2014 2003 ascendunt,

234 2016 339 2061 illuc
377 2018 474 2074 ipse
505 2017 702 2062 Christus
742 2018 981 2062 ascendere
1020 2019 1176 2063 dicitur
1212 2054 1221 2063 .
1259 2019 1332 2063 Ait
1370 2032 1496 2076 ergo:
1545 2023 1694 2065 ‘nemo
1732 2022 1932 2065 ascendit
1970 2022 2014 2065 in

181 2097 219 2127 π
237 2087 407 2132 caelum
438 2089 523 2132 nisi
545 2089 620 2145 qui
643 2089 699 2133 de
721 2089 845 2133 caelo
874 2089 1131 2143 descendit',
1163 2090 1209 2134 id
1230 2095 1296 2134 est
1323 2091 1470 2135 nullus
1491 2092 1690 2135 ascendit
1711 2092 1795 2136 nisi
1818 2092 2015 2136 Christus

237 2171 338 2203 cum
370 2171 555 2216 corpore
586 2172 685 2213 suo,
717 2160 840 2216 quod
862 2163 929 2204 est
949 2161 1136 2205 ecclesia
1158 2195 1168 2205 .
1192 2161 1330 2214 Quod
1361 2166 1507 2205 autem
1539 2162 1826 2206 descendisse
1846 2163 2014 2215 dicitur,

236 2241 329 2274 non
360 2230 463 2274 ideo
485 2230 650 2274 dictum
673 2233 752 2284 est,
785 2231 908 2287 quod
940 2232 1188 2276 humanitas
1216 2232 1504 2285 descenderit,
1541 2233 1621 2276 sed
1654 2237 1832 2290 propter
1862 2234 2016 2278 divini-

235 2300 335 2344 tatis
373 2301 744 2357 humanitatisque
784 2313 1020 2358 personam
1054 2315 1186 2346 unam
1226 2338 1236 2347 .
1271 2303 1394 2346 Deus
1435 2304 1552 2347 enim
1594 2304 1908 2348 humanitatem
1949 2317 2015 2348 as-

236 2371 427 2428 sumpsit
465 2371 510 2415 in
541 2384 629 2415 una
668 2384 878 2428 persona;
919 2373 1050 2429 igitur
1087 2378 1266 2430 propter
1305 2375 1419 2418 hanc
1450 2375 1764 2419 adunationem
1807 2387 1859 2419 ea
1900 2388 2014 2432 quae

183 2452 220 2481 ω
236 2446 340 2486 sunt
369 2442 606 2487 divinitatis
637 2443 794 2487 dantur
823 2444 1080 2488 humanitati
1101 2449 1145 2488 et
1165 2457 1279 2501 quae
1311 2446 1592 2489 humanitatis
1624 2446 1863 2490 divinitati.
1882 2446 2015 2491 Unde

237 2515 281 2557 et
310 2513 512 2557 subditur
551 2513 683 2557 ‘filius
714 2515 909 2558 hominis
941 2516 1015 2571 qui
1047 2519 1114 2559 est
1143 2515 1189 2559 in
1221 2515 1359 2560 caelo'
1399 2550 1409 2560 .
1446 2516 1606 2573 Neque
1638 2517 1755 2560 enim
1787 2517 1906 2561 filius
1937 2518 2015 2562 ho-

237 2584 369 2628 minis
399 2585 581 2641 quando
613 2585 695 2629 ista
724 2585 988 2641 loquebatur
1005 2586 1289 2631 Nichodemo
1321 2588 1366 2631 in
1398 2587 1523 2632 caelo
1550 2592 1652 2640 erat,
1683 2588 1764 2632 sed
1796 2588 1907 2632 deus
1939 2589 2014 2645 qui

237 2655 283 2699 in
313 2667 402 2700 una
432 2667 624 2712 persona
660 2656 855 2700 hominis
886 2661 976 2701 erat
1006 2670 1225 2714 nusquam
1265 2658 1310 2702 in
1342 2658 1466 2702 caelo
1498 2659 1568 2702 vel
1608 2659 1653 2702 in
1692 2663 1801 2703 terra
1833 2660 2012 2704 deerat.

238 2725 356 2780 Quia
386 2738 494 2783 ergo
534 2727 673 2771 homo
705 2739 731 2771 a
761 2727 849 2771 deo
881 2732 971 2772 erat
1000 2733 1254 2785 assumptus
1294 2729 1339 2773 in
1371 2742 1459 2773 una
1495 2742 1700 2786 persona,
1741 2731 1829 2775 illic
1860 2731 2016 2775 dicitur

183 2806 220 2836 as
238 2808 337 2841 esse
368 2797 507 2842 homo
538 2797 615 2842 ubi
646 2798 777 2842 etiam
810 2798 934 2843 deuS.
956 2815 998 2844 33

383 3032 400 3067 1
428 3031 681 3068 crudelissime
705 3041 778 3068 om.
807 3032 845 3070 U
970 3033 995 3069 3
1018 3043 1047 3069 s.
1066 3035 1104 3069 in
1129 3034 1202 3070 deo
1227 3044 1300 3070 om.
1320 3034 1353 3071 C
1482 3035 1525 3072 21
1554 3036 1657 3071 caelo
1682 3056 1729 3061 —-
1753 3036 1800 3072 22
1825 3040 1932 3083 caput
1957 3038 2014 3073 est

129 3141 133 3145 Δ
239 3100 313 3127 om.
333 3089 367 3127 C
506 3091 565 3127 24.
589 3090 637 3127 25
660 3100 771 3126 nemo
796 3091 960 3127 ascendit
985 3093 1021 3127 .i.
1038 3102 1068 3128 c.
1081 3092 1104 3128 l.
1119 3103 1153 3128 n.
1167 3103 1197 3128 s.
1212 3103 1247 3138 q.
1262 3094 1297 3129 d.
1311 3104 1342 3130 c.
1357 3094 1392 3130 d.
1418 3094 1502 3140 (mit
1525 3095 1736 3131 bekannter
1748 3095 1943 3142 Kanung)
1969 3095 2011 3136 C,

174 3181 176 3183 ,
240 3149 393 3186 ahnlich
416 3149 498 3190 ΒΗ,
522 3159 633 3185 nemo
658 3149 822 3185 ascendit
845 3151 883 3185 in
908 3150 1049 3187 caelum
1074 3154 1110 3186 et
1134 3151 1272 3197 reliqua
1296 3152 1374 3188 ΜΡ
