2352 3568
389 269 472 314 100
1149 260 1187 297 Ε.
1206 259 1248 296 Κ.
1267 259 1381 302 Rand.

167 411 201 442 Ρ.
218 411 279 445 1⁷⁶.
293 410 325 440 τι
383 399 633 458 Spiritum
664 409 675 421 ·
707 396 892 454 Spiritus
923 399 989 440 est
1020 392 1238 450 quaedam
1280 389 1516 436 ineffabilis
1549 389 1808 435 communio
1849 389 1982 447 patris
2014 393 2058 435 et
2093 388 2171 435 lilii

383 469 458 528 (cs.
491 469 581 514 ΙοΙι.
603 468 743 514 Scott.
766 478 906 524 supra
922 478 969 523 p.
993 464 1064 517 48,
1082 463 1171 520 32).
1194 478 1236 506 ss
1311 461 1467 506 Vetus
1490 473 1500 484 ·
1524 460 1639 506 Dicit
1669 461 1787 506 enim
1819 460 1933 506 deus
1963 471 2043 519 per
2071 471 2172 519 pro-

385 543 560 600 phetam
593 538 668 597 (cs.
691 539 793 583 lsai.
816 538 889 590 66,
911 537 976 593 9):
1022 546 1111 591 ego
1145 533 1220 591 qui
1254 533 1366 578 alios
1397 532 1582 590 gignere
1614 531 1730 578 facio
1763 531 1981 590 numquid
2014 530 2172 578 sterilis

385 611 685 671 permanebo?
768 609 1000 653 Adversa
1056 605 1219 650 locuti
1275 609 1437 649 sunt·
1470 603 1637 649 Arriani
1679 608 1830 649 contra
1880 603 1970 649 hoc
2014 602 2174 649 sentie-

347 684 502 735 sbant,
544 683 618 739 qui
650 681 854 726 dicebant
894 678 1031 723 filium
1075 677 1146 722 dei
1177 687 1279 721 esse
1309 687 1363 721 ex
1404 687 1496 721 non
1538 675 1824 721 existentibus
1863 675 1977 721 sicut
2006 677 2173 721 ceteras

385 758 613 799 creaturas.
636 770 677 797 ss
797 750 980 795 Dicat·
1004 748 1121 793 Dixit
1151 748 1269 792 enim
1301 747 1440 792 filium
1473 747 1705 801 minorem,
1737 746 1937 806 spiritum
1968 749 2171 792 sanctium

384 826 512 871 etiam
555 824 785 868 minorem.
816 837 858 866 ⁸⁸
983 819 1278 865 Manichaei
1311 830 1320 841 ·
1352 818 1602 864 Manichaei
1635 819 1811 864 heretici
1842 818 2058 872 dicuntur,
2095 817 2174 877 qui

384 897 475 940 duo
517 894 727 953 principia
759 904 860 938 esse
892 892 1105 944 dixerunt,
1137 890 1341 936 videlicet
1380 894 1423 935 et
1453 890 1624 935 bonum
1667 894 1710 936 et
1749 890 1914 935 malum
1949 924 1959 936 .
1994 889 2174 935 Bonum

385 966 563 1023 quidem
615 965 747 1009 deum
810 963 921 1008 lucis
987 962 1290 1020 appellabant,
1358 961 1524 1007 malum
1581 972 1688 1007 vero
1748 961 1993 1020 principem
2054 964 2176 1006 tene·

332 1051 365 1079 ιο
384 1038 577 1090 brarum‚
634 1041 677 1081 et
726 1035 982 1080 asserebant
1040 1034 1267 1079 hominem
1319 1045 1374 1078 ex
1438 1033 1506 1078 his
1557 1032 1738 1078 duobus
1793 1032 2019 1091 principiis
2069 1042 2175 1078 oon·

384 1114 509 1161 stare,
555 1107 680 1165 quasi
724 1107 870 1152 anima
913 1106 1134 1151 sortiretur
1170 1117 1195 1150 a
1237 1104 1434 1164 principe
1474 1105 1585 1150 lucis
1625 1109 1668 1150 et
1706 1116 1871 1163 corpus
1910 1116 1936 1149 a
1977 1102 2175 1162 principe

385 1180 676 1232 tenebrarum,
718 1183 849 1235 atque
890 1177 993 1222 ideo
1025 1177 1117 1222 duo
1149 1176 1233 1221 sibi
1266 1176 1454 1221 invicem
1486 1176 1704 1221 adversari
1746 1175 1911 1229 dicunt,
1953 1177 2177 1233 praeterea

385 1252 519 1296 deum
552 1250 812 1295 necessitate
844 1254 1046 1294 coactum
1092 1248 1299 1306 posuisse
1339 1248 1383 1293 in
1424 1248 1640 1293 mundum
1683 1252 1850 1305 partem
1881 1258 1991 1292 suae
2020 1245 2176 1292 divini·

384 1323 494 1376 tatis,
524 1322 566 1366 id
590 1326 655 1366 est
682 1321 873 1366 animam
892 1355 902 1365 .
925 1320 1174 1365 Manichaei
1196 1324 1341 1364 autem
1364 1319 1566 1364 dicuntur
1592 1332 1617 1364 a
1638 1319 1762 1364 Mani
1784 1318 2077 1373 heresiarche,
2098 1317 2177 1376 qui

335 1405 369 1435 ιε
388 1394 561 1439 dicebat
602 1405 651 1438 se
691 1392 888 1450 spiritum
931 1403 1031 1436 esse
1073 1391 1327 1449 paraclitum
1368 1391 1584 1449 apostolis
1631 1391 1900 1448 promissum
1939 1424 1950 1436 .
1988 1388 2179 1436 Dicebat

387 1466 503 1509 enirn
537 1464 644 1509 Xlill
677 1475 778 1508 esse
809 1463 930 1508 soles
961 1467 1004 1508 et
1035 1463 1163 1507 lunas
1194 1462 1280 1507 Vll.
1301 1479 1344 1508 ss
1417 1462 1564 1516 Quae
1596 1474 1678 1507 res
1701 1474 1711 1485 ·
1734 1462 1841 1507 Non
1872 1461 2021 1508 solum
2051 1464 2182 1507 vetus

387 1548 478 1581 non
511 1535 725 1593 recipiunt
754 1539 1078 1586 testamentum,
1110 1534 1190 1579 sed
1224 1535 1354 1579 etiam
1395 1546 1480 1579 nec
1510 1546 1693 1587 novum,
1736 1534 1839 1592 quia
1875 1545 1969 1579 non
2001 1532 2185 1579 credunt

387 1607 606 1653 Christum
648 1611 797 1651 natum
841 1618 894 1651 ex
926 1606 1065 1651 Maria
1103 1606 1285 1662 virgine,
1329 1606 1410 1651 sed
1452 1606 1604 1651 dicunt
1634 1618 1736 1651 eum
1775 1605 1912 1651 fuisse
1952 1604 2181 1651 hominem

387 1691 544 1736 purum
590 1683 633 1723 et
674 1679 827 1723 ceteris
869 1678 1126 1723 hominibus
1168 1677 1398 1723 meliorem
1440 1689 1492 1722 ac
1535 1677 1639 1722 ideo
1680 1677 1940 1735 adoptatum
1987 1687 2089 1722 esse
2134 1674 2181 1721 in

330 1750 525 1795 minium
558 1750 643 1795 dei.
666 1766 708 1794 ss
768 1749 880 1795 Sibi
912 1753 1082 1794 tamen
1106 1761 1116 1772 ·
1140 1749 1261 1793 Fecit
1291 1749 1403 1793 deus
1435 1749 1651 1794 mundum
1676 1749 1795 1794 nulla
1817 1751 1998 1794 coactus
2028 1758 2182 1794 neces-

387 1822 525 1874 sitate,
557 1821 637 1865 sed
670 1825 848 1878 propter
878 1820 1020 1865 solam
1053 1820 1295 1864 bonitatem
1327 1832 1453 1865 suam
1487 1820 1733 1865 naturaliter
1763 1820 1951 1865 insitam.
1972 1834 2015 1865 sa
2080 1818 2184 1865 Vo-

389 1893 588 1937 luntate
610 1904 620 1914 ·
644 1892 853 1937 bonitate.
877 1908 919 1935 ss
979 1891 1230 1935 Mundum
1256 1891 1510 1935 ’Mundum
1543 1891 1732 1936 dicimus
1763 1903 1864 1936 esse
1895 1902 1989 1936 non
2022 1902 2077 1936 ex
2107 1889 2181 1936 dei

389 1963 632 2008 substantia
673 1975 819 2020 neque
851 1974 905 2007 ex
942 1962 1025 2007 alia
1057 1966 1248 2007 creatura
1281 1963 1356 2019 qui
1388 1962 1605 2008 videretur
1645 1963 1730 2008 iam
1763 1962 1969 2016 extitisse,
2006 1961 2087 2008 sed
2118 1961 2181 2008 di-

391 2035 532 2079 cimus
573 2034 717 2091 ipsum
764 2046 863 2078 esse
904 2034 1159 2078 fabricatum
1201 2033 1298 2078 sola
1340 2038 1382 2078 et
1420 2038 1670 2091 spontanea
1711 2034 1783 2079 dei
1814 2034 2040 2079 voluntate
2082 2033 2182 2079 sine

335 2118 373 2147 as
391 2106 520 2150 ullius
553 2105 756 2150 materiae
788 2105 1005 2150 subsidio.
1027 2121 1069 2150 ss
1180 2104 1430 2150 Extitisse
1452 2117 1462 2128 ·
1485 2118 1521 2150 s.
1552 2106 1810 2151 crederetur.
1832 2121 1875 2151 ss
1978 2104 2147 2151 Verbo
2169 2116 2180 2128 ·

387 2176 492 2221 filio.
515 2192 557 2221 ss
618 2176 809 2221 Caelos
833 2188 842 2198 ·
867 2176 912 2221 ln
944 2176 1230 2234 generatione
1262 2176 1338 2221 filii
1366 2177 1516 2222 omnia
1538 2182 1680 2222 creata
1711 2181 1814 2222 sunt
1844 2182 1887 2223 et
1918 2176 2025 2222 nihil
2055 2177 2183 2222 inter·

387 2247 479 2292 fuit.
502 2263 543 2292 ss
604 2248 844 2293 Proiecta
869 2260 878 2270 ·
903 2247 1007 2293 Non
1041 2252 1107 2293 est
1138 2248 1382 2305 putandum
1417 2249 1539 2306 quod
1572 2249 1722 2306 aliquo
1754 2253 1956 2307 tempore
1985 2251 2182 2294 moratus

389 2319 515 2364 tuerit
545 2319 750 2364 diabolus
788 2320 832 2364 in
866 2319 1003 2373 caelo,
1045 2319 1126 2364 sed
1158 2319 1301 2364 statim
1343 2324 1390 2364 ut
1421 2324 1590 2365 creatus
1622 2325 1688 2365 est
1719 2321 1876 2365 videns
1906 2331 1957 2365 se
1987 2320 2033 2365 in
2063 2322 2182 2366 tanta

388 2390 527 2447 gloria
559 2391 842 2436 constitutum
874 2391 1116 2448 superbivit
1147 2394 1190 2435 et
1221 2391 1264 2435 in
1305 2392 1606 2449 praecipitium
1639 2392 1868 2436 demersus
1899 2395 1967 2437 est
1987 2425 1998 2438 .
2020 2390 2182 2449 Neque

333 2462 506 2507 anenim
529 2462 598 2507 vel
630 2461 685 2506 ad
719 2462 849 2507 unius
882 2463 1030 2519 puncti
1063 2462 1252 2520 spatium
1286 2462 1346 2507 ibi
1379 2463 1521 2520 potuit
1551 2463 1723 2516 morari,
1757 2463 1860 2520 quia
1892 2462 1930 2507 si
1961 2465 2184 2520 gustasset

389 2533 505 2578 illam
538 2545 775 2591 supernam
808 2533 1089 2579 dulcedinem
1122 2534 1279 2579 cadere
1321 2534 1406 2578 iam
1449 2546 1541 2579 non
1583 2534 1812 2591 potuisset.
1875 2533 1999 2580 Solet
2034 2538 2181 2580 autem

390 2604 541 2661 quaeri
572 2615 708 2661 quare
730 2604 842 2649 deus
873 2604 1060 2662 angelos
1082 2604 1219 2650 voluit
1250 2616 1395 2650 creare
1426 2610 1469 2650 et
1500 2606 1662 2650 deinde
1695 2606 1899 2651 homines
1922 2639 1932 2650 .
1955 2604 2025 2650 Ad
2057 2604 2181 2663 quod

390 2675 630 2720 dicendum
663 2675 786 2732 quod
819 2675 931 2720 deus
962 2688 1135 2720 summe
1176 2676 1324 2721 bonus
1356 2681 1423 2721 est
1453 2681 1496 2721 et
1532 2677 1628 2733 ipsa
1670 2677 1845 2722 bonitas
1876 2681 1944 2721 est
1974 2675 2043 2722 cui
2074 2674 2181 2721 nihil

390 2745 539 2791 deerat
579 2745 774 2803 quidem,
819 2746 924 2791 nihil
968 2747 1117 2803 augeri
1159 2752 1341 2805 poterat,
1383 2747 1462 2792 sed
1505 2760 1561 2792 ne
1602 2748 1777 2793 bonitas
1818 2747 1915 2792 eius
1944 2751 2118 2793 vacaret
2156 2759 2183 2793 a

336 2816 587 2863 asbonitate
630 2817 731 2862 tecit
770 2817 958 2874 angelos
996 2823 1038 2863 et
1079 2818 1240 2863 deinde
1281 2819 1485 2863 homines
1521 2853 1530 2863 .
1566 2818 1670 2864 Non
1712 2830 1821 2876 ergo
1861 2823 2032 2877 poterat
2070 2819 2183 2865 deus

392 2887 564 2934 otiosus
594 2900 695 2934 esse
726 2900 751 2933 a
783 2888 979 2934 bonitate
1010 2893 1053 2934 et
1084 2889 1186 2947 quia
1218 2889 1323 2934 nihil
1357 2894 1445 2934 erat
1476 2890 1598 2947 quod
1631 2890 1674 2934 in
1707 2902 1756 2935 se
1788 2894 1942 2948 posset
1973 2889 2184 2948 perficere

392 2958 531 3005 voluit
560 2959 605 3005 in
636 2959 732 3005 aliis
772 2959 983 3018 perficere
1016 2994 1026 3006 .
1060 2959 1231 3006 Creavit
1272 2960 1417 3018 itaque
1458 2961 1644 3017 angelos
1686 2961 1835 3006 bonos
1875 2962 1950 3019 qui
1981 2972 2184 3008 summae

534 3112 559 3150 4
582 3113 784 3151 Adversa
810 3113 893 3161 etc]
919 3124 995 3151 nur
1015 3114 1055 3151 in
1081 3113 1115 3151 Β
1190 3114 1233 3151 16
1259 3113 1384 3159 Quae
1410 3124 1479 3151 res
1505 3114 1586 3162 etc}
1613 3114 1715 3154 LFR.
1742 3125 1813 3152 om.
1835 3114 1868 3151 Β
1944 3115 1991 3153 26
2014 3114 2182 3154 Caelos

394 3170 477 3218 erc.1
504 3170 618 3215 LMF.
635 3180 709 3210 om.
727 3171 761 3209 Β
857 3172 899 3211 31
930 3174 1069 3211 calcare
1094 3172 1128 3211 Β
