2352 3568
393 260 451 305 45
839 224 841 226 .
1177 254 1215 291 Ε.
1233 254 1274 291 Κ.
1293 253 1407 296 nand.

180 400 340 434 ems-³
394 402 541 448 neque
572 389 843 435 substantiae
875 399 1020 446 neque
1052 386 1295 445 potestatis
1318 400 1360 430 aa
1427 383 1788 430 pluralitatem
1812 395 1822 407 ·
1845 396 1882 430 s.
1904 383 2030 442 ipsae
2050 394 2188 429 remae

393 461 564 507 Trium
589 473 599 484 ·
631 473 667 506 s.
701 471 1006 518 personarum.
1039 475 1081 502 σε
1202 457 1396 502 ldonee
1427 467 1437 478 ·
1470 460 1586 513 apte.
1617 471 1660 500 aa
1767 454 1955 502 Unitas
1981 466 1993 479 ·
2015 467 2053 501 s.
2084 454 2188 502 sub·

394 533 593 578 stantiae.
616 548 658 576 ⁸⁸

181 616 213 645 P.
232 616 319 649 ma
536 602 606 648 Vl.
624 602 724 647 Sed
748 602 994 659 quoniam
1015 613 1025 624 ·
1040 600 1315 658 Augustinus
1332 597 1406 656 (cs.
1421 596 1496 644 De
1510 598 1618 644 Gen.
1633 598 1835 644 astMl
1851 598 1942 656 12):
1965 597 2188 645 alitersub

363 686 382 715 ε
401 675 502 732 ipso
523 679 625 719 sunt
645 686 698 718 ea
720 685 835 730 quae
866 684 944 730 per
975 673 1120 730 ipsum
1154 672 1266 716 iacta
1287 675 1403 724 sunt,
1436 670 1559 715 aliter
1584 670 1629 715 in
1651 670 1753 728 ipso
1774 675 1879 716 sunt
1898 681 1951 716 ea
1972 681 2089 728 quae
2108 681 2190 730 per

398 746 544 804 ipsum
578 746 689 790 tacta
717 749 832 797 sunt,
864 743 987 788 aliter
1017 743 1062 788 in
1094 743 1196 800 ipso
1227 747 1331 787 sunt
1351 754 1404 787 ea
1427 753 1542 799 quae
1573 741 1671 800 ipse
1692 746 1772 787 est.
1815 740 1954 797 Quod
1986 741 2045 787 ita
2065 739 2189 788 intel·

399 817 562 874 ligitur:
597 816 694 860 ‘sub
728 814 857 872 ipso’,
890 814 984 860 sive
1006 814 1203 872 quodam
1227 813 1368 859 modo
1392 813 1623 859 causaliter
1641 818 1744 859 ante
1765 825 1902 859 omne
1931 817 2111 872 tempus
2140 811 2187 859 in

399 888 486 932 deo
519 887 629 931 iacta
661 890 776 939 sunt,
820 886 915 931 sive
948 885 1145 943 quodam
1179 885 1319 931 modo
1352 889 1618 943 acceperunt
1647 896 1752 930 suas
1782 884 1950 931 formas
1980 888 2025 930 et
2053 896 2186 931 suum

398 970 510 1003 esse.
574 958 634 1002 ‘ln
668 958 769 1015 ipso
800 956 931 1010 sunt’‚
965 957 1178 1014 quoniam
1212 957 1365 1001 omnia
1398 956 1442 1001 in
1475 956 1564 1002 deo
1596 956 1709 1002 deus
1738 961 1855 1002 sunt.
1876 972 1920 1002 σε
2023 954 2100 1001 Ad
2130 966 2187 1002 se

347 1030 567 1087 reipsum
592 1041 602 1051 ·
625 1029 706 1074 sed
739 1029 888 1086 potius
911 1028 967 1073 ad
1000 1028 1134 1073 aliud.
1157 1044 1200 1073 ss
1261 1028 1434 1086 lpsum
1468 1032 1580 1073 est·
1603 1028 1648 1073 id
1680 1032 1747 1073 est
1777 1027 2025 1073 secundum
2057 1038 2185 1073 suam

398 1101 705 1146 substantiam.
727 1116 770 1145 ss
876 1100 1241 1145 lndiiierentia
1263 1111 1274 1123 ·
1297 1099 1342 1145 id
1375 1104 1442 1144 est
1473 1099 1593 1144 nulla
1625 1099 1884 1144 differentia.
1906 1114 1949 1144 aa
2057 1097 2188 1145 Sub·

399 1172 624 1217 stantiae
653 1184 662 1195 ·
692 1171 814 1217 Sicut
845 1171 890 1216 in
923 1175 1075 1216 sancta
1105 1171 1291 1216 trinitate
1323 1171 1443 1216 nulla
1474 1175 1542 1216 est
1572 1170 1818 1216 differentia
1850 1171 1895 1215 in
1926 1169 2186 1225 substantia,

399 1244 457 1289 ita
488 1248 531 1288 et
562 1243 606 1288 in
639 1243 898 1300 operatione
933 1277 943 1287 .
976 1242 1108 1289 Unde
1141 1255 1241 1288 cum
1274 1243 1486 1288 dominus
1518 1242 1562 1287 in
1594 1242 1830 1299 evangelio
1863 1241 2046 1287 dixisset
2075 1239 2185 1300 (ΙοΙι.

398 1314 440 1368 5,
468 1314 559 1372 17):
593 1318 715 1372 pater
746 1326 872 1359 meus
904 1325 1047 1371 usque
1079 1314 1220 1359 modo
1243 1318 1449 1372 operatur
1480 1318 1523 1359 et
1554 1326 1643 1371 ego
1675 1325 1851 1371 operor,
1883 1325 1977 1358 non
2006 1311 2189 1359 diversi·

346 1397 380 1426 ιε
397 1391 528 1431 tatem
568 1385 817 1442 designavit
847 1385 1009 1442 operis,
1050 1385 1131 1429 sed
1172 1397 1460 1442 personarum
1503 1385 1813 1443 proprietatem
1853 1418 1864 1431 .
1901 1383 2002 1442 lpsa
2037 1387 2187 1431 autem

397 1457 597 1514 operatio
629 1457 834 1501 voluntas
865 1460 932 1500 est
972 1456 1044 1500 dei
1085 1461 1128 1500 et
1157 1456 1364 1501 voluntas
1405 1456 1477 1501 dei
1518 1456 1708 1514 simplex
1748 1460 1815 1501 est
1853 1459 1898 1501 et
1926 1466 2107 1514 semper
2139 1454 2187 1502 in

397 1528 546 1584 requie
597 1527 880 1572 beatitudinis
916 1561 925 1571 .
962 1526 1081 1584 Ergo
1126 1527 1245 1571 idem
1286 1532 1353 1572 est
1396 1528 1484 1572 deo
1525 1527 1640 1572 velle
1683 1527 1808 1585 quod
1851 1526 2039 1586 operari,
2081 1526 2189 1585 quia

396 1599 600 1643 voluntas
622 1598 693 1643 dei
716 1598 918 1643 effectiva
940 1598 1137 1656 potentia
1159 1603 1226 1643 est
1248 1633 1258 1643 .
1281 1598 1378 1643 Nec
1410 1599 1498 1644 deo
1530 1598 1649 1644 aliud
1682 1602 1749 1644 ω
1779 1610 1880 1644 esse
1909 1597 2031 1644 aliud
2056 1597 2186 1653 velle,

395 1670 474 1714 sed
508 1682 644 1714 unum
687 1674 818 1727 atque
861 1669 979 1714 idem
1021 1674 1064 1714 et
1104 1670 1190 1715 hoc
1230 1674 1371 1715 totum
1413 1670 1617 1728 simplex,
1658 1674 1800 1716 totum
1842 1670 2002 1725 unitas,
2041 1671 2184 1716 totum

342 1753 378 1781 20
396 1741 574 1794 trinitas,
606 1745 747 1785 totum
771 1748 1103 1789 οΜοοτειοΝ.
1126 1741 1229 1798 quia
1258 1741 1364 1786 esse‘
1388 1742 1512 1799 quod
1544 1742 1832 1787 substantiale
1854 1745 1922 1787 est
1950 1753 2091 1787 unum
2118 1745 2186 1786 est

397 1813 440 1856 in
463 1817 583 1869 patre
605 1816 648 1857 et
668 1812 763 1857 filio
785 1816 829 1857 et
849 1812 1002 1870 spiritu
1024 1817 1251 1858 sanctoss
1303 1812 1503 1868 ‹Quae›
1526 1813 1814 1858 secundum
1838 1825 1921 1860 <se
1941 1811 2184 1859 dicituo·

396 1884 544 1928 bonus
566 1889 608 1929 et
629 1896 834 1942 magnuS,
857 1885 1011 1938 iustus,
1034 1885 1323 1942 omnipotens
1345 1888 1388 1929 et
1409 1885 1477 1929 his
1498 1885 1672 1930 similia.
1695 1901 1738 1930 ss
1819 1883 2026 1930 Relatio
2048 1896 2059 1907 ·
2082 1883 2187 1942 quia

397 1967 488 2000 non
507 1959 572 1999 est
594 1955 863 2013 praedicatio
885 1956 1132 2001 secundum
1155 1956 1461 2001 substantiam.
1479 1972 1522 2001 ³⁸
1571 1956 1694 2002 ldeo
1715 1956 1831 2001 sola
1845 1968 1856 1979 ·
1870 1968 1907 2001 s.
1922 1955 2005 2001 ista
2023 1955 2104 2001 tn'a
2124 1966 2188 2001 re·

397 2026 683 2084 lativazpater
698 2027 816 2072 filius
832 2027 1010 2085 spiritus
1026 2032 1275 2073 sanctusss
1307 2027 1736 2073 ldem·masculino
1751 2038 1986 2085 generem!
2021 2026 2187 2073 Idem·

341 2108 378 2138 πε
397 2102 551 2142 neutro
565 2110 793 2154 genere-ss
824 2098 1121 2143 Secundum
1135 2111 1263 2145 <se>·
1277 2099 1320 2144 id
1338 2103 1405 2144 est
1420 2099 1667 2144 secundum
1685 2111 1812 2144 suam
1829 2098 2190 2145 substantiam„

396 2168 563 2213 Sane·
592 2169 645 2213 Et
674 2170 814 2227 tangit
845 2182 935 2214 rem
969 2171 1262 2215 necessariam
1293 2205 1303 2216 .
1332 2170 1403 2215 Ne
1432 2175 1479 2215 tu
1511 2174 1641 2228 putes
1672 2170 1737 2215 sic
1768 2174 1936 2228 patrem
1968 2169 2131 2216 differri
2161 2179 2189 2215 a

395 2240 490 2285 tilio
530 2241 599 2285 vel
641 2241 780 2285 filium
823 2254 848 2286 a
880 2246 1015 2299 patre,
1057 2242 1439 2299 quemadmodum
1485 2241 1629 2287 differt
1670 2241 1843 2287 domini
1886 2240 2133 2287 substantia
2162 2252 2190 2287 a

396 2322 540 2364 serve,
563 2312 666 2357 ideo
698 2313 803 2358 dicit
833 2313 985 2371 aliquo
1008 2314 1148 2359 modo
1180 2313 1415 2359 relationes
1447 2313 1825 2371 praedicationum
1858 2312 1915 2358 ad
1946 2311 2092 2358 simile
2116 2311 2189 2359 vel

397 2381 453 2426 ad
486 2383 671 2440 aequale
702 2383 809 2429 fieri.
831 2400 875 2430 ss
995 2384 1071 2430 Ad
1113 2385 1371 2430 differens
1402 2397 1412 2407 ·
1445 2385 1489 2430 id
1511 2389 1579 2430 est
1605 2384 1661 2430 ad
1694 2396 1785 2429 rem
1818 2384 1862 2429 in
1894 2396 1984 2442 qua
2012 2387 2080 2429 est
2108 2382 2191 2429 dit·

342 2452 591 2499 auferentia.
614 2471 655 2499 ss
723 2454 957 2513 Aequale
981 2468 991 2479 ·
1015 2460 1061 2501 ut
1092 2457 1302 2502 binarius.
1323 2473 1366 2502 ss
1435 2456 1656 2514 Aequali
1679 2468 1690 2480 ·
1714 2460 1761 2501 ut
1791 2455 1978 2501 binario.
1997 2470 2043 2501 aa
2110 2453 2190 2501 si·

399 2524 539 2569 milis
570 2530 650 2570 est
687 2526 875 2572 relatio
908 2539 918 2550 ·
950 2528 1053 2584 quia
1095 2528 1305 2585 aequales
1345 2533 1448 2573 sunt
1479 2562 1489 2574 .
1522 2527 1611 2573 Sed
1652 2527 1884 2573 sciendum
1925 2526 2050 2585 quod
2090 2526 2190 2585 ipsa

398 2594 576 2651 spiritus
622 2597 760 2642 sancti
807 2598 959 2643 relatio
1009 2610 1101 2644 non
1156 2599 1212 2644 ita
1256 2600 1604 2657 reciprocatione
1648 2599 1843 2644 converti
1890 2597 2035 2656 potuit
2074 2597 2190 2644 sicut

400 2669 523 2722 pater
553 2670 596 2711 et
635 2666 753 2712 filius
789 2702 799 2712 .
834 2668 949 2714 Nam
992 2674 1115 2726 pater
1145 2670 1223 2715 tilii
1268 2675 1392 2729 pater
1433 2675 1477 2716 et
1518 2671 1636 2716 iilius
1679 2670 1813 2728 patris
1856 2669 1975 2715 filius
2011 2668 2188 2723 dicium

400 2736 578 2793 spiritus
599 2750 704 2783 vero
736 2744 914 2784 sanctus
942 2753 1034 2785 non
1065 2741 1121 2786 ita
1143 2742 1448 2799 reciprocatur,
1481 2742 1561 2788 sed
1584 2741 1858 2787 uniformiter
1877 2740 2035 2786 dicitur
2054 2739 2189 2799 patris

343 2818 382 2848 ω
402 2810 445 2852 et
465 2806 543 2852 tilii
571 2809 748 2866 spiritus
779 2815 972 2864 sanctuS,
1004 2824 1060 2857 ne
1082 2812 1119 2856 si
1142 2813 1390 2859 diceremus
1411 2814 1567 2859 ordine
1593 2825 1812 2859 converso
1844 2816 1982 2871 ‘pater
2010 2811 2190 2870 spiritus

398 2878 538 2923 sancti
570 2884 693 2937 pater
721 2885 789 2926 est
809 2882 878 2927 vel
910 2882 1028 2927 filius
1059 2884 1237 2941 spiritus
1267 2885 1406 2930 sancti
1438 2885 1557 2930 filius
1588 2884 1667 2930 est'
1700 2888 1955 2942 putarentur
1983 2883 2077 2929 duo
2107 2882 2189 2928 tilii

399 2952 444 2994 et
462 2949 555 2995 duo
586 2956 764 3008 patres.
788 2951 957 2998 Dicitur
986 2958 1132 2999 autem
1166 2956 1284 3000 idem
1318 2956 1495 3014 spiritus
1526 2956 1696 3002 donum
1721 2956 1807 3010 dei,
1840 2955 1945 3014 quia
1974 2954 2088 3000 deus
2108 2953 2187 3000 do·

544 3054 566 3092 7
591 3057 672 3094 und
693 3057 718 3094 8
741 3059 904 3105 quodam
931 3060 1046 3097 modo
1074 3059 1220 3102 ΤΜΕΡ,
1246 3072 1322 3108 quo
1348 3062 1512 3100 admodo
1538 3062 1576 3102 F.
1603 3062 1754 3109 quando
1781 3060 1815 3099 C
1891 3061 1939 3099 26
1962 3060 2006 3099 Et
2029 3069 2103 3099 om.
2122 3057 2190 3098 CB
2340 3070 2352 3112 q

401 3112 447 3150 27
473 3115 803 3164 quemadmodum]
828 3119 1022 3165 quomodo
1052 3118 1087 3157 C
1325 3121 1374 3159 ³0
1403 3123 1477 3159 aas
1501 3122 1653 3159 Lemma
1677 3122 1717 3159 in
1745 3119 1779 3159 C
1802 3121 1855 3159 ist
1881 3121 1948 3159 Ad
1978 3120 2189 3168 spirltum

401 3174 604 3211 sanctum
711 3175 760 3214 35
784 3177 915 3215 ordine
939 3188 1123 3216 converso
1149 3178 1226 3221 CB.
1252 3190 1434 3218 converso
1459 3182 1588 3219 ordine
1616 3180 1721 3219 TMF
