2352 3568
980 257 1168 296 ,lohannes
1191 257 1349 298 Scottus.
1991 265 2050 311 55

21 397 219 437 ,1⁷21oe
271 386 373 432 Sed
395 398 407 410 ·
428 398 464 433 3.
486 400 575 432 una
595 388 854 443 substantia,
886 393 934 434 ut
961 389 1086 443 deus,
1118 391 1223 447 quia
1253 391 1443 448 simplex
1473 403 1573 436 esse
1604 393 1828 439 haberent.
1850 410 1893 439 33
1953 395 2049 440 Βο-

271 471 390 503 num
422 470 433 480 ·
465 459 698 504 subaudis:
738 464 818 504 est.
839 476 882 504 33
1000 460 1264 519 Aliudque
1304 462 1437 507 nihil
1477 463 1545 507 sit
1575 475 1586 486 ·
1618 464 1723 520 quia
1762 465 2049 511 substantiale

270 531 441 575 bonum
472 532 552 575 est.
573 547 616 576 33
690 529 837 584 Quae
859 543 870 554 ·
893 531 999 576 Ideo
1030 532 1178 577 bonae
1209 537 1312 578 sunt
1342 534 1446 590 quia
1477 534 1589 579 deus
1619 535 1760 580 voluit
1790 540 1838 580 ut
1867 540 2048 582 essent.

269 602 482 647 Voluntas
514 602 694 659 quidem
727 602 798 646 dei
830 614 923 647 non
955 607 1103 660 potest
1122 615 1221 648 esse
1252 604 1337 649 nisi
1368 605 1489 650 bona
1514 640 1524 650 .
1548 606 1759 651 Dicemus
1791 619 1913 664 ergo,
1946 609 2050 665 quia

235 690 254 719 3
271 677 491 718 creaturae
531 685 611 730 per
648 685 698 717 se
737 685 830 717 non
870 678 973 718 sunt
1011 674 1172 729 bonae,
1225 687 1281 720 eo
1322 676 1446 733 quod
1486 689 1579 722 non
1620 677 1707 722 sint
1747 678 2051 724 substantialia

273 746 406 799 bona,
452 756 536 789 nec
575 744 909 801 participatione
949 745 1057 790 boni
1097 746 1245 791 bonae
1281 752 1396 801 sunt,
1443 748 1524 792 sed
1563 749 1789 794 voluntate
1830 750 2015 794 creantis
2038 785 2048 795 .

273 812 404 872 Igitur
433 816 538 872 quia
567 815 624 859 ab
646 827 746 859 esse
766 817 929 859 summi
951 817 1059 861 boni
1081 823 1345 874 acceperunt
1364 831 1476 873 esse,
1509 819 1658 865 bonae
1688 825 1803 866 sunt.
1823 837 1866 866 33
1925 821 2051 866 Sim-

272 886 432 944 plicia
454 898 464 909 ·
486 886 599 931 sicut
629 886 753 930 deuS.
775 902 818 930 33
878 887 1102 932 Primum
1126 900 1137 911 ·
1160 901 1383 934 summum
1406 895 1450 934 et
1479 892 1734 936 maximum.
1756 908 1798 937 33
1858 892 1930 936 Ex
1960 904 2048 937 eo·

271 957 316 1001 id
347 961 414 1002 est
443 969 498 1002 ex
527 957 623 1002 eius
653 957 879 1002 voluntate
911 961 954 1002 et
984 971 1077 1003 non
1109 972 1163 1004 ex
1193 961 1290 1004 eius
1320 962 1576 1007 substantia.
1604 979 1646 1007 33
1776 963 1933 1017 Quod
1973 968 2051 1008 est

218 1044 255 1073 10
271 1039 387 1072 esse
410 1039 420 1050 ·
442 1028 488 1072 id
519 1032 586 1072 est
615 1028 967 1073 substantialiter.
988 1045 1031 1073 33
1090 1029 1234 1074 Tunc
1256 1043 1265 1053 ·
1289 1031 1334 1075 id
1356 1036 1423 1076 est
1443 1033 1479 1076 si
1502 1045 1600 1077 esse
1622 1033 1792 1078 bonum
1815 1035 1992 1079 habent.
2008 1051 2051 1080 33

271 1099 324 1143 ln
355 1111 417 1144 eo
440 1111 450 1121 ·
475 1099 520 1143 id
551 1103 619 1144 est
647 1099 693 1143 in
725 1111 824 1143 esse
856 1100 941 1153 dei,
973 1113 1009 1145 s.
1033 1101 1154 1145 bona
1185 1107 1299 1146 sunt.
1321 1119 1363 1147 33
1454 1104 1598 1148 Licet
1629 1105 1680 1148 in
1712 1117 1774 1149 eo
1798 1118 1807 1127 ·
1831 1106 1876 1150 id
1908 1110 1975 1150 est
2005 1106 2049 1150 in

270 1170 372 1227 ipso
403 1182 516 1215 esse.
537 1186 579 1215 33
687 1170 805 1215 Non
846 1183 1060 1228 quoquo
1102 1173 1259 1217 modo
1292 1185 1301 1195 ·
1334 1174 1378 1218 id
1410 1178 1494 1218 est:
1536 1175 1574 1219 si
1604 1175 1693 1219 sint
1722 1176 1909 1220 iniustae
1939 1180 1983 1220 et
2012 1177 2050 1220 si

271 1242 472 1286 ordinem
494 1245 537 1286 et
567 1241 752 1286 modum
773 1253 881 1286 suae
912 1246 1091 1287 naturae
1122 1256 1215 1287 non
1242 1248 1448 1289 servent.
1471 1245 1518 1288 In
1551 1245 1638 1290 hoc
1668 1258 1761 1290 non
1783 1251 1849 1290 est
1878 1247 2049 1291 bonum

270 1324 370 1357 esse
401 1316 703 1357 creaturarum.
726 1329 769 1357 ss
888 1312 1070 1358 Simile
1103 1326 1112 1335 ·
1145 1314 1248 1371 quia
1279 1327 1372 1359 non
1404 1328 1590 1372 quoquo
1622 1316 1761 1361 modo
1793 1317 1850 1360 sit
1879 1318 2049 1361 bonum

218 1387 338 1428 isest
359 1418 368 1428 .
390 1383 509 1428 Non
541 1383 676 1428 enim
709 1384 850 1428 aliud
882 1389 992 1428 est·
1015 1385 1073 1429 ita
1100 1386 1293 1442 iungitur
1319 1399 1420 1430 cum
1448 1387 1781 1432 subauditione:
1810 1401 1903 1433 non
1931 1389 2049 1432 enim

270 1458 440 1512 praeter
468 1455 556 1499 hoc
586 1455 705 1499 aliud
737 1459 804 1500 est
834 1468 968 1512 quam
1002 1457 1125 1513 quod
1157 1457 1328 1501 bonum
1360 1462 1439 1502 est.
1462 1474 1504 1502 33
1614 1459 1727 1503 Hoc
1758 1464 1928 1503 autem
1962 1471 1971 1482 ·
2005 1459 2051 1503 id

270 1530 338 1570 est
366 1526 538 1570 bonum
569 1526 830 1571 secundum.
852 1543 893 1571 33
954 1527 1198 1572 Fortasse
1222 1540 1231 1550 ·
1255 1528 1368 1572 sicut
1398 1533 1465 1572 est
1495 1529 1645 1573 album
1678 1530 1734 1574 ab
1766 1529 1987 1574 albedine.
2008 1546 2050 1575 33

269 1596 413 1641 Tunc
435 1608 445 1618 ·
468 1609 504 1641 3.
527 1597 612 1641 nisi
643 1609 670 1641 a
700 1597 844 1654 primo
875 1598 1000 1642 bono
1032 1601 1194 1643 essent.
1216 1616 1258 1644 33
1323 1599 1500 1644 Mente
1524 1612 1533 1622 ·
1557 1600 1661 1656 quia
1692 1604 1791 1644 actu
1822 1613 1916 1645 non
1948 1613 2051 1658 pos-

269 1672 380 1712 sent.
402 1683 444 1712 33
545 1668 646 1712 1sta
668 1680 678 1690 ·
702 1672 934 1713 creaturae.
960 1685 1003 1713 33
1092 1669 1145 1713 ln
1177 1682 1239 1714 eo
1264 1682 1273 1692 ·
1296 1682 1396 1714 esse
1427 1683 1520 1715 non
1552 1671 1764 1716 haberent
1792 1671 1978 1716 bonum.
2009 1688 2051 1716 ss

215 1757 253 1786 ω
270 1738 399 1784 Actu
421 1750 431 1761 ·
455 1737 558 1782 Acsi
581 1738 760 1783 diceret:
793 1744 940 1784 mente
962 1740 1143 1796 quidem
1166 1741 1286 1797 apud
1317 1754 1403 1786 nos
1433 1742 1602 1799 fingere
1634 1754 1888 1799 possumuS‚
1921 1743 2049 1799 quasi

270 1811 490 1854 creaturae
522 1821 621 1854 esse
651 1810 826 1867 possint
856 1811 953 1855 sine
984 1812 1128 1868 primo
1160 1812 1299 1865 bono,
1341 1813 1421 1856 sed
1453 1816 1566 1866 actu,
1599 1813 1644 1857 id
1677 1816 1743 1858 est
1774 1826 1923 1871 opere,
1957 1827 2050 1859 non

216 1883 221 1887 '
269 1880 355 1925 nisi
386 1893 413 1925 a
442 1881 587 1938 primo
618 1881 743 1925 bono
775 1893 831 1926 ne
863 1893 962 1926 esse
995 1882 1190 1939 quidem,
1231 1883 1397 1927 nedum
1429 1884 1563 1937 bona,
1605 1889 1807 1941 possunt.
1831 1901 1873 1929 33
1994 1885 2051 1929 In

271 1963 333 1996 eo
365 1963 376 1974 ·
406 1951 487 1996 sed
518 1964 597 2008 per
627 1952 846 1996 accidens.
873 1968 916 1997 33
1035 1953 1276 1998 Praeter·
1299 1954 1397 1998 sine
1427 1955 1573 2011 primo
1605 1955 1743 2008 bono,
1766 1968 1802 1999 3.
1826 1960 1987 2000 essent.
2010 1971 2052 2000 33

269 2022 388 2068 Νοῐι
417 2035 427 2046 ·
455 2023 536 2067 sed
567 2023 680 2067 sicut
706 2023 762 2067 ab
784 2023 991 2068 albedine
1023 2024 1123 2068 alba
1154 2029 1268 2077 sunt,
1302 2025 1359 2069 ita
1391 2038 1416 2069 a
1447 2026 1644 2070 bonitate
1675 2026 1797 2070 bona
1827 2029 1988 2071 essent.
2011 2043 2052 2071 33

215 2111 253 2140 25
270 2094 442 2151 Ipsum
466 2106 475 2116 ·
499 2107 534 2138 3.
557 2094 748 2147 bonum;
779 2107 883 2138 nam
915 2095 960 2138 id
992 2095 1139 2151 ipsum
1171 2096 1338 2152 repetit.
1360 2112 1402 2140 33
1482 2097 1683 2141 Bonum
1707 2108 1717 2118 ·
1739 2109 1775 2141 3.
1798 2097 1866 2142 sit.
1889 2113 1930 2142 33
1990 2097 2052 2141 At

269 2178 374 2211 non
403 2178 413 2188 ·
437 2165 589 2211 Obicit
618 2166 718 2222 quis
750 2166 1076 2222 quaestionem:
1110 2179 1244 2223 quare
1275 2179 1368 2212 non
1399 2171 1502 2211 sunt
1532 2168 1633 2212 alba
1663 2180 1716 2212 ea
1737 2180 1852 2224 quae
1872 2170 1976 2212 sunt
2006 2168 2051 2211 in

271 2249 328 2281 eo
359 2237 482 2293 quod
514 2241 629 2290 sunt,
660 2237 774 2281 sicut
804 2241 847 2281 et
876 2237 997 2281 bona
1018 2242 1122 2281 sunt
1152 2272 1161 2282 .
1194 2237 1295 2282 Hoc
1326 2238 1443 2291 ideo,
1478 2238 1582 2294 quia
1613 2238 1724 2282 deus
1756 2238 1832 2295 qui
1865 2250 1917 2282 ea
1947 2238 2051 2282 fecit

270 2319 363 2352 non
392 2311 459 2352 est
489 2306 626 2352 albus'
649 2342 659 2351 .
691 2307 738 2352 Si
770 2308 889 2351 enim
921 2312 1038 2352 esset
1068 2308 1209 2362 albus,
1242 2309 1356 2353 sicut
1385 2313 1452 2353 est
1479 2309 1641 2363 bonus,
1674 2322 1727 2354 ea
1758 2321 1873 2366 quae
1904 2309 1961 2353 ab
1993 2321 2049 2354 eo

272 2383 420 2423 essent
449 2378 550 2423 alba
581 2378 732 2434 utique
764 2382 912 2422 essent
946 2413 955 2423 .
986 2378 1104 2432 Quia
1135 2391 1243 2435 ergo
1275 2379 1423 2424 bonus
1448 2384 1527 2433 est,
1560 2392 1675 2436 quae
1706 2380 1763 2424 ab
1785 2392 1841 2424 eo
1872 2384 1975 2424 sunt
2006 2380 2051 2423 in

216 2465 254 2494 ³0
271 2461 327 2493 eo
350 2449 473 2506 quod
503 2453 606 2492 sunt
636 2449 757 2493 bona
787 2453 889 2492 sunt
912 2483 922 2493 .
946 2448 1076 2502 Quae
1105 2453 1254 2493 tamen
1285 2450 1382 2506 ipse
1404 2450 1505 2494 alba
1533 2462 1634 2494 esse
1654 2450 1795 2494 voluit
1825 2451 1901 2507 qui
1923 2451 2050 2495 albus

267 2532 363 2564 non
395 2524 474 2573 est,
508 2519 608 2564 alba
638 2524 753 2573 sunt,
785 2520 866 2564 sed
898 2532 991 2564 non
1022 2520 1068 2564 in
1099 2532 1156 2564 eo
1189 2521 1311 2577 quod
1343 2525 1457 2565 sunt.
1480 2537 1522 2564 33
1610 2520 1743 2565 Alba
1773 2533 1923 2565 esse·
1947 2521 2051 2577 quia

23 2597 58 2691 ξ
271 2591 382 2635 deus
413 2603 506 2635 non
528 2595 594 2635 est
624 2591 765 2635 albus,
787 2607 829 2635 33
889 2591 1066 2636 Bonus
1089 2603 1100 2614 ·
1122 2591 1226 2635 ideo
1258 2592 1303 2635 in
1325 2603 1381 2636 eo
1413 2592 1537 2648 quod
1568 2596 1671 2635 sunt
1701 2592 1849 2636 bonae
1880 2595 1995 2636 sunt.
2009 2608 2051 2636 33

22 2682 55 2720 ἐξ.
271 2661 617 2706 comitatum·
658 2666 943 2719 prosecutum
984 2665 1027 2706 et
1067 2662 1332 2707 associatum
1374 2667 1453 2707 est.
1475 2679 1517 2707 33
1637 2662 1757 2707 Albi
1790 2674 1799 2684 ·
1832 2675 1868 2707 3.
1900 2663 1986 2707 dei.
2007 2679 2051 2708 33

30 2730 59 2830 {J
271 2732 389 2777 Non
412 2744 423 2755 ·
447 2733 550 2790 quia
571 2745 664 2777 non
686 2733 742 2777 ab
765 2733 868 2778 albo
891 2733 1180 2778 defluxerunt.
1202 2749 1244 2778 33
1305 2733 1460 2787 Quod
1492 2738 1571 2778 est
1593 2745 1602 2755 ·
1626 2734 1666 2777 ei
1688 2734 1748 2777 rei
1771 2746 1885 2790 quae
1907 2737 1986 2777 est.
2009 2749 2051 2777 33

43 2838 54 2859 ,1,
217 2819 255 2848 35
272 2802 459 2847 Album
484 2815 494 2825 ·
517 2804 562 2847 id
594 2808 662 2847 est
690 2815 783 2848 non
815 2816 893 2861 per
922 2804 1212 2849 substantiam
1245 2804 1326 2848 sed
1357 2816 1447 2861 per
1466 2804 1685 2849 accidens.
1707 2820 1750 2849 33
1823 2803 1956 2848 Alba
1979 2816 1989 2826 ·
2012 2817 2048 2849 3.

36 2880 61 2950 ξ
272 2886 366 2918 non
397 2874 443 2918 in
464 2886 520 2918 eo
542 2875 665 2931 quod
686 2879 801 2919 sunt.
822 2891 865 2919 33
925 2874 1061 2928 Quia
1091 2887 1214 2920 vero
1245 2875 1414 2919 voluit
1440 2887 1450 2897 ·
1474 2875 1559 2919 Hic
1589 2887 1783 2931 namque
1804 2871 2048 2918 notandum

35 2956 56 2982 r
273 2948 352 2997 est,
386 2957 519 3000 quare
550 2945 702 2989 omnia
733 2958 847 3001 quae
878 2950 981 2989 sunt
1010 2946 1132 2990 bona
1162 2946 1262 2990 sint.
1284 2962 1327 2989 33
1372 2945 1670 2990 Secundum
1694 2957 1704 2967 ·
1729 2956 1783 2988 ex
1815 2944 2049 2988 obicientis

35 3022 63 3099 ξ
276 3027 467 3072 persona
497 3016 820 3072 accipiendum,
861 3017 988 3072 quasi
1020 3017 1201 3060 diceret:
1244 3017 1358 3060 sicut
1387 3020 1433 3059 tu
1466 3015 1575 3059 dicis
1608 3015 1759 3059 omnia
1798 3015 1919 3059 bona
1950 3026 2050 3058 esse

416 3156 463 3194 25
487 3157 636 3203 Ipsum
661 3157 743 3202 εἰς]
769 3157 884 3193 bildet
906 3158 946 3193 in
973 3156 1007 3193 C
1028 3157 1127 3193 zwei
1149 3156 1311 3193 Glossen
1427 3156 1475 3192 36
1500 3155 1615 3200 Quia
1639 3176 1687 3181 —
1710 3155 1757 3192 37
1782 3157 1854 3192 sint
1878 3165 1951 3192 om.
1971 3154 2004 3192 C
