<?xml version="1.0" encoding="UTF-8"?>
<!DOCTYPE html PUBLIC "-//W3C//DTD XHTML 1.0 Transitional//EN"
    "http://www.w3.org/TR/xhtml1/DTD/xhtml1-transitional.dtd">
<html xmlns="http://www.w3.org/1999/xhtml" xml:lang="en" lang="en">
 <head>
  <title>
</title>
<meta http-equiv="Content-Type" content="text/html;charset=utf-8" />
  <meta name='ocr-system' content='tesseract 3.04.00' />
  <meta name='ocr-capabilities' content='ocr_page ocr_carea ocr_par ocr_line ocrx_word'/>
</head>
<body>
  <div class='ocr_page' id='page_1' title='image "./johannesscottus00rand/johannesscottus00rand_0070.png"; bbox 0 0 2352 3568; ppageno 0'>
   <div class='ocr_carea' id='block_1_1' title="bbox 393 248 1404 304">
    <p class='ocr_par' dir='ltr' id='par_1_1' title="bbox 393 248 1404 304">
     <span class='ocr_line' id='line_1_1' title="bbox 393 248 1404 304; baseline 0.005 -17"><span class='ocrx_word' id='word_1_1' title='bbox 393 259 452 304; x_wconf 89' lang='lat'><strong>50</strong></span> <span class='ocrx_word' id='word_1_2' title='bbox 1173 250 1211 288; x_wconf 86' lang='lat' dir='ltr'><strong>E.</strong></span> <span class='ocrx_word' id='word_1_3' title='bbox 1230 248 1271 286; x_wconf 84' lang='grc' dir='ltr'><strong>Κ.</strong></span> <span class='ocrx_word' id='word_1_4' title='bbox 1289 248 1404 292; x_wconf 79' lang='lat' dir='ltr'><strong>Rand.</strong></span> 
     </span>
    </p>
   </div>
   <div class='ocr_carea' id='block_1_2' title="bbox 185 378 2179 658">
    <p class='ocr_par' dir='ltr' id='par_1_2' title="bbox 185 378 2179 658">
     <span class='ocr_line' id='line_1_2' title="bbox 185 378 2176 441; baseline -0.005 -6"><span class='ocrx_word' id='word_1_5' title='bbox 185 401 342 437; x_wconf 59' lang='lat' dir='ltr'><strong>amm</strong></span> <span class='ocrx_word' id='word_1_6' title='bbox 396 393 593 435; x_wconf 89' lang='lat' dir='ltr'><strong>mentum</strong></span> <span class='ocrx_word' id='word_1_7' title='bbox 625 392 692 433; x_wconf 86' lang='lat' dir='ltr'><strong>est</strong></span> <span class='ocrx_word' id='word_1_8' title='bbox 722 398 844 432; x_wconf 92' lang='lat' dir='ltr'><strong>sacra</strong></span> <span class='ocrx_word' id='word_1_9' title='bbox 875 384 1085 441; x_wconf 89' lang='lat' dir='ltr'><strong>scriptura</strong></span> <span class='ocrx_word' id='word_1_10' title='bbox 1117 416 1127 427; x_wconf 93' lang='lat'><strong>.</strong></span> <span class='ocrx_word' id='word_1_11' title='bbox 1161 381 1380 427; x_wconf 86' lang='lat' dir='ltr'><strong>Iohannes</strong></span> <span class='ocrx_word' id='word_1_12' title='bbox 1411 383 1558 424; x_wconf 87' lang='lat' dir='ltr'><strong>autem</strong></span> <span class='ocrx_word' id='word_1_13' title='bbox 1591 378 1897 436; x_wconf 82' lang='lat' dir='ltr'><strong>praecucurrit,</strong></span> <span class='ocrx_word' id='word_1_14' title='bbox 1928 378 2035 436; x_wconf 89' lang='lat' dir='ltr'><strong>quia</strong></span> <span class='ocrx_word' id='word_1_15' title='bbox 2063 379 2176 426; x_wconf 89' lang='lat' dir='ltr'><strong>ratio</strong></span> 
     </span>
     <span class='ocr_line' id='line_1_3' title="bbox 396 448 2179 511; baseline -0.006 -5"><span class='ocrx_word' id='word_1_16' title='bbox 396 460 603 511; x_wconf 88' lang='lat' dir='ltr'><strong>vivacior,</strong></span> <span class='ocrx_word' id='word_1_17' title='bbox 635 458 749 503; x_wconf 82' lang='lat' dir='ltr'><strong>iides</strong></span> <span class='ocrx_word' id='word_1_18' title='bbox 780 456 941 502; x_wconf 76' lang='lat' dir='ltr'><strong>tardior</strong></span> <span class='ocrx_word' id='word_1_19' title='bbox 971 459 1038 500; x_wconf 89' lang='lat' dir='ltr'><strong>est</strong></span> <span class='ocrx_word' id='word_1_20' title='bbox 1071 487 1081 498; x_wconf 92' lang='lat'><strong>.</strong></span> <span class='ocrx_word' id='word_1_21' title='bbox 1117 451 1221 497; x_wconf 90' lang='lat' dir='ltr'><strong>Non</strong></span> <span class='ocrx_word' id='word_1_22' title='bbox 1254 456 1401 496; x_wconf 89' lang='lat' dir='ltr'><strong>tamen</strong></span> <span class='ocrx_word' id='word_1_23' title='bbox 1435 449 1627 495; x_wconf 81' lang='lat' dir='ltr'><strong>introivit</strong></span> <span class='ocrx_word' id='word_1_24' title='bbox 1657 453 1895 507; x_wconf 78' lang='lat' dir='ltr'><strong>antequam</strong></span> <span class='ocrx_word' id='word_1_25' title='bbox 1929 448 2083 495; x_wconf 79' lang='lat' dir='ltr'><strong>Petrus</strong></span> <span class='ocrx_word' id='word_1_26' title='bbox 2114 449 2179 496; x_wconf 83' lang='lat' dir='ltr'><strong>in·</strong></span> 
     </span>
     <span class='ocr_line' id='line_1_4' title="bbox 393 519 2175 588; baseline -0.004 -12"><span class='ocrx_word' id='word_1_27' title='bbox 393 531 657 588; x_wconf 82' lang='lat' dir='ltr'><strong>grederetur,</strong></span> <span class='ocrx_word' id='word_1_28' title='bbox 680 528 783 586; x_wconf 90' lang='lat' dir='ltr'><strong>quia</strong></span> <span class='ocrx_word' id='word_1_29' title='bbox 804 527 860 572; x_wconf 94' lang='lat' dir='ltr'><strong>ad</strong></span> <span class='ocrx_word' id='word_1_30' title='bbox 883 524 1197 584; x_wconf 75' lang='lat' dir='ltr'><strong>perfectionem</strong></span> <span class='ocrx_word' id='word_1_31' title='bbox 1221 522 1398 580; x_wconf 86' lang='lat' dir='ltr'><strong>plenam</strong></span> <span class='ocrx_word' id='word_1_32' title='bbox 1422 533 1514 566; x_wconf 92' lang='lat' dir='ltr'><strong>non</strong></span> <span class='ocrx_word' id='word_1_33' title='bbox 1537 520 1787 578; x_wconf 88' lang='lat' dir='ltr'><strong>pervenitur</strong></span> <span class='ocrx_word' id='word_1_34' title='bbox 1807 519 1892 566; x_wconf 87' lang='lat' dir='ltr'><strong>nisi</strong></span> <span class='ocrx_word' id='word_1_35' title='bbox 1914 531 1994 579; x_wconf 87' lang='lat' dir='ltr'><strong>per</strong></span> <span class='ocrx_word' id='word_1_36' title='bbox 2012 519 2175 568; x_wconf 72' lang='lat' dir='ltr'><strong>fida..</strong></span> 
     </span>
     <span class='ocr_line' id='line_1_5' title="bbox 396 592 1723 658; baseline -0.007 -10"><span class='ocrx_word' id='word_1_37' title='bbox 396 601 526 648; x_wconf 91' lang='lat' dir='ltr'><strong>Unde</strong></span> <span class='ocrx_word' id='word_1_38' title='bbox 557 601 765 658; x_wconf 87' lang='lat' dir='ltr'><strong>scriptum</strong></span> <span class='ocrx_word' id='word_1_39' title='bbox 798 603 882 644; x_wconf 87' lang='lat' dir='ltr'><strong>est:</strong></span> <span class='ocrx_word' id='word_1_40' title='bbox 916 597 999 642; x_wconf 89' lang='lat' dir='ltr'><strong>nisi</strong></span> <span class='ocrx_word' id='word_1_41' title='bbox 1031 594 1300 641; x_wconf 86' lang='lat' dir='ltr'><strong>credideritis</strong></span> <span class='ocrx_word' id='word_1_42' title='bbox 1331 605 1423 638; x_wconf 89' lang='lat' dir='ltr'><strong>non</strong></span> <span class='ocrx_word' id='word_1_43' title='bbox 1457 592 1723 651; x_wconf 85' lang='lat' dir='ltr'><strong>intelligetis.</strong></span> 
     </span>
    </p>
   </div>
   <div class='ocr_carea' id='block_1_3' title="bbox 829 757 1749 807">
    <p class='ocr_par' dir='ltr' id='par_1_3' title="bbox 829 757 1749 807">
     <span class='ocr_line' id='line_1_6' title="bbox 829 757 1749 807; baseline -0.004 0"><span class='ocrx_word' id='word_1_44' title='bbox 829 760 1036 807; x_wconf 81' lang='lat' dir='ltr'>INCIPIT</span> <span class='ocrx_word' id='word_1_45' title='bbox 1068 758 1333 806; x_wconf 82' lang='lat' dir='ltr'>EIUSDEM</span> <span class='ocrx_word' id='word_1_46' title='bbox 1363 758 1444 803; x_wconf 78' lang='lat' dir='ltr'><strong>AD</strong></span> <span class='ocrx_word' id='word_1_47' title='bbox 1476 757 1749 804; x_wconf 82' lang='lat' dir='ltr'><strong>EUNDEM.</strong></span> 
     </span>
    </p>
   </div>
   <div class='ocr_carea' id='block_1_4' title="bbox 151 865 2352 2703">
    <p class='ocr_par' dir='ltr' id='par_1_4' title="bbox 151 865 2352 2703">
     <span class='ocr_line' id='line_1_7' title="bbox 203 865 2182 924; baseline -0.003 -7"><span class='ocrx_word' id='word_1_48' title='bbox 203 877 339 910; x_wconf 60' lang='lat' dir='ltr'><strong>met-¹</strong></span> <span class='ocrx_word' id='word_1_49' title='bbox 540 870 935 915; x_wconf 89' lang='lat' dir='ltr'><strong>Ebdomadibus</strong></span> <span class='ocrx_word' id='word_1_50' title='bbox 970 880 979 891; x_wconf 93' lang='lat'><strong>·</strong></span> <span class='ocrx_word' id='word_1_51' title='bbox 1016 868 1059 912; x_wconf 93' lang='lat' dir='ltr'><strong>id</strong></span> <span class='ocrx_word' id='word_1_52' title='bbox 1104 871 1171 912; x_wconf 90' lang='lat' dir='ltr'><strong>est</strong></span> <span class='ocrx_word' id='word_1_53' title='bbox 1217 866 1589 924; x_wconf 89' lang='lat' dir='ltr'><strong>conceptionibus</strong></span> <span class='ocrx_word' id='word_1_54' title='bbox 1622 900 1635 911; x_wconf 97' lang='lat'><strong>.</strong></span> <span class='ocrx_word' id='word_1_55' title='bbox 1669 865 2003 924; x_wconf 64' lang='lat' dir='ltr'><strong>conceptiones</strong></span> <span class='ocrx_word' id='word_1_56' title='bbox 2044 865 2182 912; x_wconf 88' lang='lat' dir='ltr'><strong>animi</strong></span> 
     </span>
     <span class='ocr_line' id='line_1_8' title="bbox 151 925 2183 1002; baseline -0.002 -15"><span class='ocrx_word' id='word_1_57' title='bbox 151 925 377 1002; x_wconf 62' lang='lat' dir='ltr'><strong>ch1⁸w⁵</strong></span> <span class='ocrx_word' id='word_1_58' title='bbox 398 942 554 988; x_wconf 84' lang='lat' dir='ltr'><strong>Graeci</strong></span> <span class='ocrx_word' id='word_1_59' title='bbox 577 941 755 986; x_wconf 89' lang='lat' dir='ltr'><strong>duobus</strong></span> <span class='ocrx_word' id='word_1_60' title='bbox 782 940 1040 985; x_wconf 87' lang='lat' dir='ltr'><strong>nominibus</strong></span> <span class='ocrx_word' id='word_1_61' title='bbox 1070 938 1309 997; x_wconf 88' lang='lat' dir='ltr'><strong>appellant,</strong></span> <span class='ocrx_word' id='word_1_62' title='bbox 1340 938 1385 983; x_wconf 91' lang='lat' dir='ltr'><strong>id</strong></span> <span class='ocrx_word' id='word_1_63' title='bbox 1416 942 1483 983; x_wconf 89' lang='lat' dir='ltr'><strong>est</strong></span> <span class='ocrx_word' id='word_1_64' title='bbox 1507 948 1763 984; x_wconf 76' lang='grc' dir='ltr'>εΝτιΜεΜΑ</span> <span class='ocrx_word' id='word_1_65' title='bbox 1803 941 1846 982; x_wconf 88' lang='lat' dir='ltr'><strong>et</strong></span> <span class='ocrx_word' id='word_1_66' title='bbox 1875 937 2183 984; x_wconf 79' lang='lat' dir='ltr'><strong>ebdomadas.</strong></span> 
     </span>
     <span class='ocr_line' id='line_1_9' title="bbox 396 1007 2183 1068; baseline -0.002 -10"><span class='ocrx_word' id='word_1_67' title='bbox 396 1013 643 1058; x_wconf 88' lang='lat' dir='ltr'><strong>Entimema</strong></span> <span class='ocrx_word' id='word_1_68' title='bbox 674 1017 820 1057; x_wconf 90' lang='lat' dir='ltr'><strong>autem</strong></span> <span class='ocrx_word' id='word_1_69' title='bbox 853 1011 1008 1056; x_wconf 91' lang='lat' dir='ltr'><strong>dicitur</strong></span> <span class='ocrx_word' id='word_1_70' title='bbox 1038 1010 1165 1068; x_wconf 89' lang='lat' dir='ltr'><strong>quasi</strong></span> <span class='ocrx_word' id='word_1_71' title='bbox 1204 1010 1248 1054; x_wconf 89' lang='lat' dir='ltr'><strong>in</strong></span> <span class='ocrx_word' id='word_1_72' title='bbox 1280 1010 1442 1062; x_wconf 90' lang='lat' dir='ltr'><strong>anima,</strong></span> <span class='ocrx_word' id='word_1_73' title='bbox 1487 1019 1615 1055; x_wconf 76' lang='grc' dir='ltr'>τιΜΗ</span> <span class='ocrx_word' id='word_1_74' title='bbox 1656 1009 1775 1054; x_wconf 90' lang='lat' dir='ltr'><strong>enirn</strong></span> <span class='ocrx_word' id='word_1_75' title='bbox 1810 1007 1981 1055; x_wconf 83' lang='lat' dir='ltr'><strong>Graece</strong></span> <span class='ocrx_word' id='word_1_76' title='bbox 2012 1008 2183 1063; x_wconf 86' lang='lat' dir='ltr'><strong>dicitur,</strong></span> 
     </span>
     <span class='ocr_line' id='line_1_10' title="bbox 397 1078 2184 1139; baseline -0.002 -10"><span class='ocrx_word' id='word_1_77' title='bbox 397 1084 544 1129; x_wconf 86' lang='lat' dir='ltr'><strong>Latine</strong></span> <span class='ocrx_word' id='word_1_78' title='bbox 576 1083 743 1137; x_wconf 87' lang='lat' dir='ltr'><strong>anima;</strong></span> <span class='ocrx_word' id='word_1_79' title='bbox 784 1083 902 1128; x_wconf 90' lang='lat' dir='ltr'><strong>unde</strong></span> <span class='ocrx_word' id='word_1_80' title='bbox 943 1087 986 1127; x_wconf 89' lang='lat' dir='ltr'><strong>et</strong></span> <span class='ocrx_word' id='word_1_81' title='bbox 1016 1082 1125 1127; x_wconf 91' lang='lat' dir='ltr'><strong>liber</strong></span> <span class='ocrx_word' id='word_1_82' title='bbox 1156 1081 1353 1126; x_wconf 83' lang='lat' dir='ltr'><strong>Platonis</strong></span> <span class='ocrx_word' id='word_1_83' title='bbox 1385 1092 1477 1138; x_wconf 90' lang='lat' dir='ltr'><strong>quo</strong></span> <span class='ocrx_word' id='word_1_84' title='bbox 1510 1080 1567 1139; x_wconf 87' lang='lat' dir='ltr'><strong>de</strong></span> <span class='ocrx_word' id='word_1_85' title='bbox 1597 1080 1745 1125; x_wconf 91' lang='lat' dir='ltr'><strong>anima</strong></span> <span class='ocrx_word' id='word_1_86' title='bbox 1777 1080 1972 1138; x_wconf 86' lang='lat' dir='ltr'><strong>disputat</strong></span> <span class='ocrx_word' id='word_1_87' title='bbox 1999 1078 2184 1126; x_wconf 81' lang='lat' dir='ltr'><strong>TImeus</strong></span> 
     </span>
     <span class='ocr_line' id='line_1_11' title="bbox 344 1151 2185 1209; baseline 0.001 -10"><span class='ocrx_word' id='word_1_88' title='bbox 344 1171 377 1199; x_wconf 87' lang='grc' dir='ltr'><strong>ιο</strong></span> <span class='ocrx_word' id='word_1_89' title='bbox 395 1160 577 1201; x_wconf 89' lang='lat' dir='ltr'><strong>vocatur</strong></span> <span class='ocrx_word' id='word_1_90' title='bbox 608 1189 618 1200; x_wconf 93' lang='lat'><strong>.</strong></span> <span class='ocrx_word' id='word_1_91' title='bbox 646 1163 954 1201; x_wconf 76' lang='grc' dir='ltr'>εΒΔοΜΑΔεε</span> <span class='ocrx_word' id='word_1_92' title='bbox 984 1165 1090 1199; x_wconf 92' lang='lat' dir='ltr'><strong>vero</strong></span> <span class='ocrx_word' id='word_1_93' title='bbox 1121 1153 1324 1198; x_wconf 90' lang='lat' dir='ltr'><strong>dicuntur</strong></span> <span class='ocrx_word' id='word_1_94' title='bbox 1352 1165 1378 1198; x_wconf 90' lang='lat' dir='ltr'><strong>a</strong></span> <span class='ocrx_word' id='word_1_95' title='bbox 1407 1152 1546 1197; x_wconf 90' lang='lat' dir='ltr'><strong>verbo</strong></span> <span class='ocrx_word' id='word_1_96' title='bbox 1577 1151 1752 1197; x_wconf 80' lang='lat' dir='ltr'><strong>Graeco</strong></span> <span class='ocrx_word' id='word_1_97' title='bbox 1783 1151 1907 1209; x_wconf 93' lang='lat' dir='ltr'><strong>quod</strong></span> <span class='ocrx_word' id='word_1_98' title='bbox 1938 1155 2006 1197; x_wconf 88' lang='lat' dir='ltr'><strong>est</strong></span> <span class='ocrx_word' id='word_1_99' title='bbox 2035 1160 2185 1201; x_wconf 65' lang='lat' dir='ltr'><strong>eaeo,</strong></span> 
     </span>
     <span class='ocr_line' id='line_1_12' title="bbox 396 1220 2183 1284; baseline -0.003 -12"><span class='ocrx_word' id='word_1_100' title='bbox 396 1227 439 1272; x_wconf 91' lang='lat' dir='ltr'><strong>id</strong></span> <span class='ocrx_word' id='word_1_101' title='bbox 472 1231 539 1272; x_wconf 92' lang='lat' dir='ltr'><strong>est</strong></span> <span class='ocrx_word' id='word_1_102' title='bbox 569 1226 778 1284; x_wconf 89' lang='lat' dir='ltr'><strong>concipio</strong></span> <span class='ocrx_word' id='word_1_103' title='bbox 802 1260 811 1270; x_wconf 94' lang='lat'><strong>.</strong></span> <span class='ocrx_word' id='word_1_104' title='bbox 836 1225 1089 1270; x_wconf 90' lang='lat' dir='ltr'><strong>Declinatur</strong></span> <span class='ocrx_word' id='word_1_105' title='bbox 1118 1229 1265 1269; x_wconf 91' lang='lat' dir='ltr'><strong>autem</strong></span> <span class='ocrx_word' id='word_1_106' title='bbox 1298 1225 1408 1269; x_wconf 90' lang='lat' dir='ltr'><strong>haec</strong></span> <span class='ocrx_word' id='word_1_107' title='bbox 1440 1223 1673 1277; x_wconf 89' lang='lat' dir='ltr'><strong>ebdomas,</strong></span> <span class='ocrx_word' id='word_1_108' title='bbox 1715 1222 1983 1268; x_wconf 87' lang='lat' dir='ltr'><strong>ebdomadis</strong></span> <span class='ocrx_word' id='word_1_109' title='bbox 2013 1225 2058 1268; x_wconf 87' lang='lat' dir='ltr'><strong>et</strong></span> <span class='ocrx_word' id='word_1_110' title='bbox 2086 1220 2183 1280; x_wconf 90' lang='lat' dir='ltr'><strong>plu·</strong></span> 
     </span>
     <span class='ocr_line' id='line_1_13' title="bbox 395 1294 2183 1352; baseline -0.002 -10"><span class='ocrx_word' id='word_1_111' title='bbox 395 1297 536 1343; x_wconf 89' lang='lat' dir='ltr'><strong>raliter</strong></span> <span class='ocrx_word' id='word_1_112' title='bbox 567 1298 650 1342; x_wconf 93' lang='lat' dir='ltr'><strong>hae</strong></span> <span class='ocrx_word' id='word_1_113' title='bbox 681 1297 972 1350; x_wconf 86' lang='lat' dir='ltr'><strong>ebdomades,</strong></span> <span class='ocrx_word' id='word_1_114' title='bbox 1014 1296 1318 1341; x_wconf 77' lang='lat' dir='ltr'><strong>ebdomadam</strong></span> <span class='ocrx_word' id='word_1_115' title='bbox 1354 1329 1364 1340; x_wconf 91' lang='lat'><strong>.</strong></span> <span class='ocrx_word' id='word_1_116' title='bbox 1398 1294 1609 1340; x_wconf 87' lang='lat' dir='ltr'><strong>Scribitur</strong></span> <span class='ocrx_word' id='word_1_117' title='bbox 1638 1306 1744 1340; x_wconf 89' lang='lat' dir='ltr'><strong>vero</strong></span> <span class='ocrx_word' id='word_1_118' title='bbox 1785 1306 1864 1352; x_wconf 89' lang='lat' dir='ltr'><strong>per</strong></span> <span class='ocrx_word' id='word_1_119' title='bbox 1894 1294 1945 1349; x_wconf 87' lang='lat' dir='ltr'><strong>b;</strong></span> <span class='ocrx_word' id='word_1_120' title='bbox 1988 1297 2183 1340; x_wconf 78' lang='lat' dir='ltr'><strong>ceterum</strong></span> 
     </span>
     <span class='ocr_line' id='line_1_14' title="bbox 396 1364 2186 1426; baseline -0.001 -13"><span class='ocrx_word' id='word_1_121' title='bbox 396 1368 663 1426; x_wconf 92' lang='lat' dir='ltr'><strong>epdomada,</strong></span> <span class='ocrx_word' id='word_1_122' title='bbox 704 1368 827 1425; x_wconf 90' lang='lat' dir='ltr'><strong>quod</strong></span> <span class='ocrx_word' id='word_1_123' title='bbox 865 1367 1086 1425; x_wconf 78' lang='lat' dir='ltr'><strong>sIgnificat</strong></span> <span class='ocrx_word' id='word_1_124' title='bbox 1121 1367 1429 1424; x_wconf 89' lang='lat' dir='ltr'><strong>septimanam,</strong></span> <span class='ocrx_word' id='word_1_125' title='bbox 1471 1366 1638 1424; x_wconf 88' lang='lat' dir='ltr'><strong>primae</strong></span> <span class='ocrx_word' id='word_1_126' title='bbox 1678 1364 1989 1411; x_wconf 87' lang='lat' dir='ltr'><strong>declinationis</strong></span> <span class='ocrx_word' id='word_1_127' title='bbox 2027 1369 2096 1411; x_wconf 89' lang='lat' dir='ltr'><strong>est</strong></span> <span class='ocrx_word' id='word_1_128' title='bbox 2139 1368 2186 1411; x_wconf 83' lang='lat' dir='ltr'><strong>et</strong></span> 
     </span>
     <span class='ocr_line' id='line_1_15' title="bbox 396 1436 2186 1496; baseline -0.001 -12"><span class='ocrx_word' id='word_1_129' title='bbox 396 1439 596 1484; x_wconf 88' lang='lat' dir='ltr'><strong>scribitur</strong></span> <span class='ocrx_word' id='word_1_130' title='bbox 626 1450 704 1496; x_wconf 90' lang='lat' dir='ltr'><strong>per</strong></span> <span class='ocrx_word' id='word_1_131' title='bbox 734 1451 778 1496; x_wconf 89' lang='lat' dir='ltr'><strong>p,</strong></span> <span class='ocrx_word' id='word_1_132' title='bbox 810 1438 922 1483; x_wconf 91' lang='lat' dir='ltr'><strong>sicut</strong></span> <span class='ocrx_word' id='word_1_133' title='bbox 953 1443 996 1483; x_wconf 92' lang='lat' dir='ltr'><strong>et</strong></span> <span class='ocrx_word' id='word_1_134' title='bbox 1027 1450 1193 1483; x_wconf 90' lang='lat' dir='ltr'><strong>nomen</strong></span> <span class='ocrx_word' id='word_1_135' title='bbox 1226 1437 1445 1483; x_wconf 85' lang='lat' dir='ltr'><strong>Graecum</strong></span> <span class='ocrx_word' id='word_1_136' title='bbox 1478 1450 1504 1482; x_wconf 92' lang='lat' dir='ltr'><strong>a</strong></span> <span class='ocrx_word' id='word_1_137' title='bbox 1536 1449 1628 1494; x_wconf 87' lang='lat' dir='ltr'><strong>quo</strong></span> <span class='ocrx_word' id='word_1_138' title='bbox 1661 1437 1854 1482; x_wconf 86' lang='lat' dir='ltr'><strong>derivata</strong></span> <span class='ocrx_word' id='word_1_139' title='bbox 1885 1441 1966 1491; x_wconf 89' lang='lat' dir='ltr'><strong>est,</strong></span> <span class='ocrx_word' id='word_1_140' title='bbox 1997 1436 2087 1483; x_wconf 88' lang='lat' dir='ltr'><strong>hoc</strong></span> <span class='ocrx_word' id='word_1_141' title='bbox 2116 1439 2186 1482; x_wconf 82' lang='lat' dir='ltr'><strong>est</strong></span> 
     </span>
     <span class='ocr_line' id='line_1_16' title="bbox 345 1507 2185 1567; baseline -0.001 -12"><span class='ocrx_word' id='word_1_142' title='bbox 345 1526 379 1555; x_wconf 75' lang='grc' dir='ltr'><strong>ιε</strong></span> <span class='ocrx_word' id='word_1_143' title='bbox 397 1521 554 1563; x_wconf 69' lang='lat' dir='ltr'><strong>erin,</strong></span> <span class='ocrx_word' id='word_1_144' title='bbox 588 1510 632 1554; x_wconf 92' lang='lat' dir='ltr'><strong>id</strong></span> <span class='ocrx_word' id='word_1_145' title='bbox 665 1514 732 1554; x_wconf 89' lang='lat' dir='ltr'><strong>est</strong></span> <span class='ocrx_word' id='word_1_146' title='bbox 761 1514 948 1567; x_wconf 91' lang='lat' dir='ltr'><strong>septem.</strong></span> <span class='ocrx_word' id='word_1_147' title='bbox 971 1527 1013 1555; x_wconf 80' lang='lat'><strong>88</strong></span> <span class='ocrx_word' id='word_1_148' title='bbox 1094 1509 1146 1554; x_wconf 92' lang='lat' dir='ltr'>In</span> <span class='ocrx_word' id='word_1_149' title='bbox 1179 1521 1241 1554; x_wconf 92' lang='lat' dir='ltr'><strong>eo</strong></span> <span class='ocrx_word' id='word_1_150' title='bbox 1274 1509 1414 1566; x_wconf 91' lang='lat' dir='ltr'><strong>quod</strong></span> <span class='ocrx_word' id='word_1_151' title='bbox 1447 1509 1551 1553; x_wconf 90' lang='lat' dir='ltr'><strong>sint</strong></span> <span class='ocrx_word' id='word_1_152' title='bbox 1582 1521 1592 1531; x_wconf 91' lang='lat'><strong>·</strong></span> <span class='ocrx_word' id='word_1_153' title='bbox 1625 1509 1729 1566; x_wconf 90' lang='lat' dir='ltr'><strong>quia</strong></span> <span class='ocrx_word' id='word_1_154' title='bbox 1761 1521 1786 1554; x_wconf 94' lang='lat' dir='ltr'><strong>a</strong></span> <span class='ocrx_word' id='word_1_155' title='bbox 1817 1508 1944 1554; x_wconf 94' lang='lat' dir='ltr'><strong>bono</strong></span> <span class='ocrx_word' id='word_1_156' title='bbox 1974 1519 2077 1554; x_wconf 63' lang='lat' dir='ltr'><strong>esse</strong></span> <span class='ocrx_word' id='word_1_157' title='bbox 2106 1507 2185 1567; x_wconf 88' lang='lat' dir='ltr'><strong>qui</strong></span> 
     </span>
     <span class='ocr_line' id='line_1_17' title="bbox 397 1579 2183 1638; baseline -0.001 -12"><span class='ocrx_word' id='word_1_158' title='bbox 397 1582 508 1626; x_wconf 93' lang='lat' dir='ltr'><strong>deus</strong></span> <span class='ocrx_word' id='word_1_159' title='bbox 539 1585 606 1625; x_wconf 88' lang='lat' dir='ltr'><strong>est</strong></span> <span class='ocrx_word' id='word_1_160' title='bbox 637 1585 959 1638; x_wconf 90' lang='lat' dir='ltr'><strong>processerunt.</strong></span> <span class='ocrx_word' id='word_1_161' title='bbox 981 1597 1023 1626; x_wconf 77' lang='lat' dir='ltr'><strong>ss</strong></span> <span class='ocrx_word' id='word_1_162' title='bbox 1114 1580 1358 1638; x_wconf 86' lang='lat' dir='ltr'><strong>Digeram</strong></span> <span class='ocrx_word' id='word_1_163' title='bbox 1392 1593 1401 1603; x_wconf 94' lang='lat'><strong>·</strong></span> <span class='ocrx_word' id='word_1_164' title='bbox 1431 1592 1670 1638; x_wconf 87' lang='lat' dir='ltr'><strong>exponam.</strong></span> <span class='ocrx_word' id='word_1_165' title='bbox 1692 1596 1735 1625; x_wconf 75' lang='lat' dir='ltr'><strong>aa</strong></span> <span class='ocrx_word' id='word_1_166' title='bbox 1826 1579 2141 1625; x_wconf 84' lang='lat' dir='ltr'><strong>Evidentius</strong></span> <span class='ocrx_word' id='word_1_167' title='bbox 2170 1590 2183 1602; x_wconf 91' lang='grc'><em>·</em></span> 
     </span>
     <span class='ocr_line' id='line_1_18' title="bbox 397 1651 2181 1711; baseline -0.001 -14"><span class='ocrx_word' id='word_1_168' title='bbox 397 1653 602 1711; x_wconf 89' lang='lat' dir='ltr'><strong>apertius.</strong></span> <span class='ocrx_word' id='word_1_169' title='bbox 623 1668 665 1697; x_wconf 74' lang='lat' dir='ltr'><strong>ss</strong></span> <span class='ocrx_word' id='word_1_170' title='bbox 755 1652 1014 1697; x_wconf 89' lang='lat' dir='ltr'><strong>Vivaciter</strong></span> <span class='ocrx_word' id='word_1_171' title='bbox 1036 1664 1046 1674; x_wconf 93' lang='lat'><strong>·</strong></span> <span class='ocrx_word' id='word_1_172' title='bbox 1070 1652 1392 1710; x_wconf 88' lang='lat' dir='ltr'><strong>perspicaciter.</strong></span> <span class='ocrx_word' id='word_1_173' title='bbox 1414 1668 1457 1697; x_wconf 79' lang='lat' dir='ltr'><strong>ss</strong></span> <span class='ocrx_word' id='word_1_174' title='bbox 1547 1651 1680 1697; x_wconf 79' lang='lat' dir='ltr'><strong>Ante</strong></span> <span class='ocrx_word' id='word_1_175' title='bbox 1712 1651 2023 1710; x_wconf 85' lang='lat' dir='ltr'><strong>complexus</strong></span> <span class='ocrx_word' id='word_1_176' title='bbox 2044 1662 2056 1673; x_wconf 94' lang='lat'><strong>·</strong></span> <span class='ocrx_word' id='word_1_177' title='bbox 2078 1654 2181 1697; x_wconf 73' lang='lat' dir='ltr'><strong>ante</strong></span> 
     </span>
     <span class='ocr_line' id='line_1_19' title="bbox 397 1722 2184 1782; baseline 0 -14"><span class='ocrx_word' id='word_1_178' title='bbox 397 1723 600 1769; x_wconf 91' lang='lat' dir='ltr'><strong>videlicet</strong></span> <span class='ocrx_word' id='word_1_179' title='bbox 632 1736 765 1781; x_wconf 90' lang='lat' dir='ltr'><strong>quam</strong></span> <span class='ocrx_word' id='word_1_180' title='bbox 797 1736 823 1768; x_wconf 91' lang='lat' dir='ltr'><strong>a</strong></span> <span class='ocrx_word' id='word_1_181' title='bbox 856 1736 927 1768; x_wconf 91' lang='lat' dir='ltr'><strong>me</strong></span> <span class='ocrx_word' id='word_1_182' title='bbox 958 1723 1249 1768; x_wconf 87' lang='lat' dir='ltr'><strong>scriberentur</strong></span> <span class='ocrx_word' id='word_1_183' title='bbox 1277 1758 1287 1768; x_wconf 96' lang='lat'><strong>.</strong></span> <span class='ocrx_word' id='word_1_184' title='bbox 1316 1723 1432 1768; x_wconf 91' lang='lat' dir='ltr'><strong>Nam</strong></span> <span class='ocrx_word' id='word_1_185' title='bbox 1467 1723 1585 1768; x_wconf 90' lang='lat' dir='ltr'><strong>misit</strong></span> <span class='ocrx_word' id='word_1_186' title='bbox 1616 1723 1735 1782; x_wconf 88' lang='lat' dir='ltr'><strong>idem</strong></span> <span class='ocrx_word' id='word_1_187' title='bbox 1768 1723 1990 1768; x_wconf 87' lang='lat' dir='ltr'><strong>Iohannes</strong></span> <span class='ocrx_word' id='word_1_188' title='bbox 2020 1722 2184 1781; x_wconf 85' lang='lat' dir='ltr'><strong>epistu-</strong></span> 
     </span>
     <span class='ocr_line' id='line_1_20' title="bbox 397 1793 2185 1852; baseline 0 -13"><span class='ocrx_word' id='word_1_189' title='bbox 397 1795 484 1840; x_wconf 90' lang='lat' dir='ltr'><strong>lam</strong></span> <span class='ocrx_word' id='word_1_190' title='bbox 508 1795 666 1839; x_wconf 87' lang='lat' dir='ltr'><strong>Boetio</strong></span> <span class='ocrx_word' id='word_1_191' title='bbox 698 1806 813 1852; x_wconf 90' lang='lat' dir='ltr'><strong>quae</strong></span> <span class='ocrx_word' id='word_1_192' title='bbox 845 1806 987 1852; x_wconf 92' lang='lat' dir='ltr'><strong>usque</strong></span> <span class='ocrx_word' id='word_1_193' title='bbox 1020 1794 1154 1839; x_wconf 92' lang='lat' dir='ltr'><strong>hodie</strong></span> <span class='ocrx_word' id='word_1_194' title='bbox 1186 1795 1382 1847; x_wconf 89' lang='lat' dir='ltr'><strong>habetur,</strong></span> <span class='ocrx_word' id='word_1_195' title='bbox 1415 1794 1459 1839; x_wconf 90' lang='lat' dir='ltr'><strong>in</strong></span> <span class='ocrx_word' id='word_1_196' title='bbox 1492 1806 1579 1852; x_wconf 93' lang='lat' dir='ltr'><strong>qua</strong></span> <span class='ocrx_word' id='word_1_197' title='bbox 1611 1794 1669 1839; x_wconf 90' lang='lat' dir='ltr'><strong>de</strong></span> <span class='ocrx_word' id='word_1_198' title='bbox 1700 1794 1783 1839; x_wconf 91' lang='lat' dir='ltr'><strong>hac</strong></span> <span class='ocrx_word' id='word_1_199' title='bbox 1813 1793 2077 1852; x_wconf 69' lang='lat' dir='ltr'><strong>quaestione</strong></span> <span class='ocrx_word' id='word_1_200' title='bbox 2097 1793 2185 1839; x_wconf 89' lang='lat' dir='ltr'><strong>dis-</strong></span> 
     </span>
     <span class='ocr_line' id='line_1_21' title="bbox 345 1862 2186 1923; baseline 0.001 -13"><span class='ocrx_word' id='word_1_201' title='bbox 345 1877 550 1910; x_wconf 73' lang='lat' dir='ltr'><strong>anserens</strong></span> <span class='ocrx_word' id='word_1_202' title='bbox 581 1866 752 1922; x_wconf 88' lang='lat' dir='ltr'><strong>rogavit</strong></span> <span class='ocrx_word' id='word_1_203' title='bbox 782 1869 829 1910; x_wconf 88' lang='lat' dir='ltr'><strong>ut</strong></span> <span class='ocrx_word' id='word_1_204' title='bbox 859 1866 915 1910; x_wconf 89' lang='lat' dir='ltr'><strong>ab</strong></span> <span class='ocrx_word' id='word_1_205' title='bbox 947 1877 1004 1910; x_wconf 89' lang='lat' dir='ltr'><strong>eo</strong></span> <span class='ocrx_word' id='word_1_206' title='bbox 1036 1865 1212 1923; x_wconf 90' lang='lat' dir='ltr'><strong>plenius</strong></span> <span class='ocrx_word' id='word_1_207' title='bbox 1244 1866 1542 1910; x_wconf 89' lang='lat' dir='ltr'><strong>discuteretur.</strong></span> <span class='ocrx_word' id='word_1_208' title='bbox 1564 1881 1606 1910; x_wconf 77' lang='lat' dir='ltr'><strong>ss</strong></span> <span class='ocrx_word' id='word_1_209' title='bbox 1710 1865 1841 1910; x_wconf 87' lang='lat' dir='ltr'><strong>Mihi</strong></span> <span class='ocrx_word' id='word_1_210' title='bbox 1873 1877 1883 1888; x_wconf 92' lang='lat'><strong>·</strong></span> <span class='ocrx_word' id='word_1_211' title='bbox 1913 1862 2055 1911; x_wconf 87' lang='lat' dir='ltr'><strong>Tanta</strong></span> <span class='ocrx_word' id='word_1_212' title='bbox 2085 1876 2186 1923; x_wconf 91' lang='lat' dir='ltr'><strong>pro-</strong></span> 
     </span>
     <span class='ocr_line' id='line_1_22' title="bbox 398 1935 2186 1994; baseline 0.001 -14"><span class='ocrx_word' id='word_1_213' title='bbox 398 1936 610 1981; x_wconf 84' lang='lat' dir='ltr'><strong>funditate</strong></span> <span class='ocrx_word' id='word_1_214' title='bbox 643 1936 738 1981; x_wconf 88' lang='lat' dir='ltr'><strong>illas</strong></span> <span class='ocrx_word' id='word_1_215' title='bbox 770 1936 1024 1990; x_wconf 91' lang='lat' dir='ltr'><strong>adinvenio,</strong></span> <span class='ocrx_word' id='word_1_216' title='bbox 1066 1941 1113 1981; x_wconf 88' lang='lat' dir='ltr'><strong>ut</strong></span> <span class='ocrx_word' id='word_1_217' title='bbox 1140 1937 1212 1981; x_wconf 89' lang='lat' dir='ltr'><strong>vix</strong></span> <span class='ocrx_word' id='word_1_218' title='bbox 1243 1937 1362 1981; x_wconf 89' lang='lat' dir='ltr'><strong>alteri</strong></span> <span class='ocrx_word' id='word_1_219' title='bbox 1405 1941 1583 1994; x_wconf 89' lang='lat' dir='ltr'><strong>pateant</strong></span> <span class='ocrx_word' id='word_1_220' title='bbox 1622 1941 1792 1994; x_wconf 91' lang='lat' dir='ltr'><strong>praeter</strong></span> <span class='ocrx_word' id='word_1_221' title='bbox 1830 1948 1903 1982; x_wconf 93' lang='lat' dir='ltr'><strong>me</strong></span> <span class='ocrx_word' id='word_1_222' title='bbox 1934 1940 1979 1982; x_wconf 93' lang='lat' dir='ltr'><strong>et</strong></span> <span class='ocrx_word' id='word_1_223' title='bbox 2013 1935 2186 1982; x_wconf 87' lang='lat' dir='ltr'><strong>similes</strong></span> 
     </span>
     <span class='ocr_line' id='line_1_23' title="bbox 398 2007 2189 2066; baseline 0.001 -14"><span class='ocrx_word' id='word_1_224' title='bbox 398 2007 636 2065; x_wconf 87' lang='lat' dir='ltr'><strong>sapientes,</strong></span> <span class='ocrx_word' id='word_1_225' title='bbox 668 2008 873 2052; x_wconf 89' lang='lat' dir='ltr'><strong>videlicet</strong></span> <span class='ocrx_word' id='word_1_226' title='bbox 904 2020 960 2052; x_wconf 92' lang='lat' dir='ltr'><strong>ne</strong></span> <span class='ocrx_word' id='word_1_227' title='bbox 992 2008 1118 2053; x_wconf 78' lang='lat' dir='ltr'><strong>facile</strong></span> <span class='ocrx_word' id='word_1_228' title='bbox 1149 2021 1175 2053; x_wconf 94' lang='lat' dir='ltr'><strong>a</strong></span> <span class='ocrx_word' id='word_1_229' title='bbox 1206 2008 1406 2066; x_wconf 90' lang='lat' dir='ltr'><strong>pluribus</strong></span> <span class='ocrx_word' id='word_1_230' title='bbox 1438 2008 1781 2065; x_wconf 88' lang='lat' dir='ltr'><strong>intelligerentur</strong></span> <span class='ocrx_word' id='word_1_231' title='bbox 1810 2013 1854 2053; x_wconf 90' lang='lat' dir='ltr'><strong>et</strong></span> <span class='ocrx_word' id='word_1_232' title='bbox 1883 2007 2083 2054; x_wconf 79' lang='lat' dir='ltr'><strong>fortassis</strong></span> <span class='ocrx_word' id='word_1_233' title='bbox 2114 2007 2189 2054; x_wconf 87' lang='lat' dir='ltr'><strong>de·</strong></span> 
     </span>
     <span class='ocr_line' id='line_1_24' title="bbox 399 2078 2352 2137; baseline 0.001 -14"><span class='ocrx_word' id='word_1_234' title='bbox 399 2078 569 2136; x_wconf 88' lang='lat' dir='ltr'><strong>spectui</strong></span> <span class='ocrx_word' id='word_1_235' title='bbox 603 2078 876 2124; x_wconf 88' lang='lat' dir='ltr'><strong>haberentur.</strong></span> <span class='ocrx_word' id='word_1_236' title='bbox 902 2095 944 2124; x_wconf 76' lang='lat' dir='ltr'><strong>ss</strong></span> <span class='ocrx_word' id='word_1_237' title='bbox 1035 2079 1151 2137; x_wconf 91' lang='lat' dir='ltr'><strong>Ipse</strong></span> <span class='ocrx_word' id='word_1_238' title='bbox 1175 2091 1185 2102; x_wconf 91' lang='lat'><strong>·</strong></span> <span class='ocrx_word' id='word_1_239' title='bbox 1207 2080 1345 2125; x_wconf 81' lang='lat' dir='ltr'><strong>solus,</strong></span> <span class='ocrx_word' id='word_1_240' title='bbox 1367 2096 1410 2123; x_wconf 76' lang='lat' dir='ltr'><strong>ss</strong></span> <span class='ocrx_word' id='word_1_241' title='bbox 1501 2079 1839 2124; x_wconf 87' lang='lat' dir='ltr'><strong>Commentor</strong></span> <span class='ocrx_word' id='word_1_242' title='bbox 1871 2091 1881 2102; x_wconf 95' lang='lat'><strong>·</strong></span> <span class='ocrx_word' id='word_1_243' title='bbox 1905 2079 2188 2137; x_wconf 60' lang='lat' dir='ltr'><strong>excogitate</strong></span> <span class='ocrx_word' id='word_1_244' title='bbox 2342 2078 2352 2131; x_wconf 65' lang='grc' dir='ltr'>ἦ</span> 
     </span>
     <span class='ocr_line' id='line_1_25' title="bbox 400 2149 2189 2209; baseline 0.002 -16"><span class='ocrx_word' id='word_1_245' title='bbox 400 2149 566 2194; x_wconf 85' lang='lat' dir='ltr'><strong>Meam</strong></span> <span class='ocrx_word' id='word_1_246' title='bbox 603 2160 615 2173; x_wconf 91' lang='lat'><strong>·</strong></span> <span class='ocrx_word' id='word_1_247' title='bbox 653 2149 757 2206; x_wconf 92' lang='lat' dir='ltr'><strong>quia</strong></span> <span class='ocrx_word' id='word_1_248' title='bbox 803 2150 860 2195; x_wconf 91' lang='lat' dir='ltr'><strong>de</strong></span> <span class='ocrx_word' id='word_1_249' title='bbox 906 2150 1030 2195; x_wconf 92' lang='lat' dir='ltr'><strong>nulio</strong></span> <span class='ocrx_word' id='word_1_250' title='bbox 1077 2163 1328 2208; x_wconf 88' lang='lat' dir='ltr'><strong>praesumo,</strong></span> <span class='ocrx_word' id='word_1_251' title='bbox 1377 2151 1421 2195; x_wconf 79' lang='lat' dir='ltr'>In</span> <span class='ocrx_word' id='word_1_252' title='bbox 1467 2151 1679 2196; x_wconf 89' lang='lat' dir='ltr'><strong>omnibus</strong></span> <span class='ocrx_word' id='word_1_253' title='bbox 1725 2151 1906 2196; x_wconf 90' lang='lat' dir='ltr'><strong>invenio</strong></span> <span class='ocrx_word' id='word_1_254' title='bbox 1953 2150 2079 2209; x_wconf 89' lang='lat' dir='ltr'><strong>quod</strong></span> <span class='ocrx_word' id='word_1_255' title='bbox 2124 2162 2189 2197; x_wconf 88' lang='lat' dir='ltr'><strong>re·</strong></span> 
     </span>
     <span class='ocr_line' id='line_1_26' title="bbox 345 2220 2188 2280; baseline 0.002 -16"><span class='ocrx_word' id='word_1_256' title='bbox 345 2234 383 2264; x_wconf 68' lang='grc' dir='ltr'>π</span> <span class='ocrx_word' id='word_1_257' title='bbox 401 2220 687 2278; x_wconf 88' lang='lat' dir='ltr'><strong>prehendam.</strong></span> <span class='ocrx_word' id='word_1_258' title='bbox 709 2237 751 2266; x_wconf 75' lang='lat' dir='ltr'><strong>ss</strong></span> <span class='ocrx_word' id='word_1_259' title='bbox 842 2220 1125 2279; x_wconf 88' lang='lat' dir='ltr'><strong>Speculata</strong></span> <span class='ocrx_word' id='word_1_260' title='bbox 1148 2234 1158 2244; x_wconf 94' lang='lat'><strong>·</strong></span> <span class='ocrx_word' id='word_1_261' title='bbox 1181 2223 1431 2267; x_wconf 90' lang='lat' dir='ltr'><strong>adinventa.</strong></span> <span class='ocrx_word' id='word_1_262' title='bbox 1453 2239 1496 2268; x_wconf 75' lang='lat' dir='ltr'><strong>ss</strong></span> <span class='ocrx_word' id='word_1_263' title='bbox 1578 2222 1835 2280; x_wconf 89' lang='lat' dir='ltr'><strong>Cuiquam</strong></span> <span class='ocrx_word' id='word_1_264' title='bbox 1859 2234 1869 2245; x_wconf 94' lang='lat'><strong>·</strong></span> <span class='ocrx_word' id='word_1_265' title='bbox 1894 2235 1930 2268; x_wconf 91' lang='lat' dir='ltr'><strong>s.</strong></span> <span class='ocrx_word' id='word_1_266' title='bbox 1953 2234 2124 2268; x_wconf 87' lang='lat' dir='ltr'><strong>eorum.</strong></span> <span class='ocrx_word' id='word_1_267' title='bbox 2143 2237 2188 2268; x_wconf 73' lang='grc' dir='ltr'><strong>σε</strong></span> 
     </span>
     <span class='ocr_line' id='line_1_27' title="bbox 401 2291 2188 2351; baseline 0.002 -15"><span class='ocrx_word' id='word_1_268' title='bbox 401 2291 638 2336; x_wconf 87' lang='lat' dir='ltr'><strong>Lascivia</strong></span> <span class='ocrx_word' id='word_1_269' title='bbox 660 2303 670 2313; x_wconf 95' lang='lat'>·</span> <span class='ocrx_word' id='word_1_270' title='bbox 693 2291 847 2337; x_wconf 88' lang='lat' dir='ltr'><strong>levitas</strong></span> <span class='ocrx_word' id='word_1_271' title='bbox 870 2327 880 2338; x_wconf 94' lang='lat'><strong>.</strong></span> <span class='ocrx_word' id='word_1_272' title='bbox 904 2292 1023 2347; x_wconf 90' lang='lat' dir='ltr'><strong>Quia</strong></span> <span class='ocrx_word' id='word_1_273' title='bbox 1043 2293 1248 2338; x_wconf 90' lang='lat' dir='ltr'><strong>videlicet</strong></span> <span class='ocrx_word' id='word_1_274' title='bbox 1270 2305 1386 2351; x_wconf 90' lang='lat' dir='ltr'><strong>quos</strong></span> <span class='ocrx_word' id='word_1_275' title='bbox 1413 2294 1633 2339; x_wconf 89' lang='lat' dir='ltr'><strong>delectant</strong></span> <span class='ocrx_word' id='word_1_276' title='bbox 1663 2294 1803 2339; x_wconf 90' lang='lat' dir='ltr'><strong>aniles</strong></span> <span class='ocrx_word' id='word_1_277' title='bbox 1834 2293 2012 2339; x_wconf 80' lang='lat' dir='ltr'><strong>fabulae</strong></span> <span class='ocrx_word' id='word_1_278' title='bbox 2043 2295 2088 2339; x_wconf 90' lang='lat' dir='ltr'><strong>et</strong></span> <span class='ocrx_word' id='word_1_279' title='bbox 2116 2304 2188 2340; x_wconf 79' lang='lat' dir='ltr'><strong>res</strong></span> 
     </span>
     <span class='ocr_line' id='line_1_28' title="bbox 399 2361 2188 2421; baseline 0.002 -14"><span class='ocrx_word' id='word_1_280' title='bbox 399 2361 606 2416; x_wconf 88' lang='lat' dir='ltr'><strong>ludicrae,</strong></span> <span class='ocrx_word' id='word_1_281' title='bbox 651 2362 711 2407; x_wconf 90' lang='lat' dir='ltr'><strong>illi</strong></span> <span class='ocrx_word' id='word_1_282' title='bbox 755 2375 847 2408; x_wconf 91' lang='lat' dir='ltr'><strong>non</strong></span> <span class='ocrx_word' id='word_1_283' title='bbox 892 2367 1081 2421; x_wconf 90' lang='lat' dir='ltr'><strong>possunt</strong></span> <span class='ocrx_word' id='word_1_284' title='bbox 1123 2365 1239 2409; x_wconf 90' lang='lat' dir='ltr'><strong>bene</strong></span> <span class='ocrx_word' id='word_1_285' title='bbox 1283 2365 1508 2409; x_wconf 85' lang='lat' dir='ltr'><strong>intendere</strong></span> <span class='ocrx_word' id='word_1_286' title='bbox 1552 2365 1684 2410; x_wconf 89' lang='lat' dir='ltr'><strong>rebus</strong></span> <span class='ocrx_word' id='word_1_287' title='bbox 1727 2364 1852 2410; x_wconf 89' lang='lat' dir='ltr'><strong>seriis</strong></span> <span class='ocrx_word' id='word_1_288' title='bbox 1883 2369 1927 2410; x_wconf 92' lang='lat' dir='ltr'><strong>et</strong></span> <span class='ocrx_word' id='word_1_289' title='bbox 1957 2363 2188 2412; x_wconf 83' lang='lat' dir='ltr'><strong>sententiis</strong></span> 
     </span>
     <span class='ocr_line' id='line_1_29' title="bbox 400 2432 2190 2495; baseline 0.002 -17"><span class='ocrx_word' id='word_1_290' title='bbox 400 2432 739 2491; x_wconf 87' lang='lat' dir='ltr'><strong>philosophicis.</strong></span> <span class='ocrx_word' id='word_1_291' title='bbox 760 2451 803 2479; x_wconf 72' lang='lat'><strong>³⁸</strong></span> <span class='ocrx_word' id='word_1_292' title='bbox 849 2434 1145 2480; x_wconf 80' lang='lat' dir='ltr'><strong>Petulantia</strong></span> <span class='ocrx_word' id='word_1_293' title='bbox 1166 2447 1177 2458; x_wconf 92' lang='lat'><strong>·</strong></span> <span class='ocrx_word' id='word_1_294' title='bbox 1201 2436 1507 2481; x_wconf 89' lang='lat' dir='ltr'><strong>inconstantia.</strong></span> <span class='ocrx_word' id='word_1_295' title='bbox 1529 2452 1572 2481; x_wconf 73' lang='lat' dir='ltr'><strong>ss</strong></span> <span class='ocrx_word' id='word_1_296' title='bbox 1622 2435 1661 2481; x_wconf 89' lang='grc' dir='ltr'>Α</span> <span class='ocrx_word' id='word_1_297' title='bbox 1695 2437 1816 2482; x_wconf 92' lang='lat' dir='ltr'><strong>ioco</strong></span> <span class='ocrx_word' id='word_1_298' title='bbox 1834 2449 1844 2459; x_wconf 90' lang='lat'>·</span> <span class='ocrx_word' id='word_1_299' title='bbox 1864 2436 1908 2481; x_wconf 93' lang='lat' dir='ltr'><strong>id</strong></span> <span class='ocrx_word' id='word_1_300' title='bbox 1930 2438 1999 2482; x_wconf 83' lang='lat' dir='ltr'><strong>est</strong></span> <span class='ocrx_word' id='word_1_301' title='bbox 2018 2439 2190 2495; x_wconf 85' lang='lat' dir='ltr'><strong>praeter</strong></span> 
     </span>
     <span class='ocr_line' id='line_1_30' title="bbox 401 2504 2188 2563; baseline 0.002 -14"><span class='ocrx_word' id='word_1_302' title='bbox 401 2504 549 2550; x_wconf 89' lang='lat' dir='ltr'><strong>iocum</strong></span> <span class='ocrx_word' id='word_1_303' title='bbox 582 2508 624 2550; x_wconf 89' lang='lat' dir='ltr'><strong>et</strong></span> <span class='ocrx_word' id='word_1_304' title='bbox 655 2510 824 2563; x_wconf 91' lang='lat' dir='ltr'><strong>praeter</strong></span> <span class='ocrx_word' id='word_1_305' title='bbox 855 2506 1003 2552; x_wconf 90' lang='lat' dir='ltr'><strong>risum.</strong></span> <span class='ocrx_word' id='word_1_306' title='bbox 1025 2522 1068 2551; x_wconf 74' lang='lat'><strong>⁸⁸</strong></span> <span class='ocrx_word' id='word_1_307' title='bbox 1155 2506 1503 2552; x_wconf 88' lang='lat' dir='ltr'><strong>Coniunctum</strong></span> <span class='ocrx_word' id='word_1_308' title='bbox 1528 2520 1538 2530; x_wconf 91' lang='lat'><strong>·</strong></span> <span class='ocrx_word' id='word_1_309' title='bbox 1562 2520 1597 2553; x_wconf 81' lang='lat' dir='ltr'><strong>S.</strong></span> <span class='ocrx_word' id='word_1_310' title='bbox 1621 2508 1665 2552; x_wconf 92' lang='lat' dir='ltr'><strong>in</strong></span> <span class='ocrx_word' id='word_1_311' title='bbox 1698 2508 1780 2553; x_wconf 79' lang='lat' dir='ltr'><strong>his,</strong></span> <span class='ocrx_word' id='word_1_312' title='bbox 1802 2525 1845 2555; x_wconf 70' lang='lat' dir='ltr'><strong>as</strong></span> <span class='ocrx_word' id='word_1_313' title='bbox 1936 2506 2188 2554; x_wconf 90' lang='lat' dir='ltr'><strong>Obscuri-</strong></span> 
     </span>
     <span class='ocr_line' id='line_1_31' title="bbox 346 2575 2187 2637; baseline 0.002 -17"><span class='ocrx_word' id='word_1_314' title='bbox 346 2575 599 2621; x_wconf 68' lang='lat' dir='ltr'><strong>:rotatibus</strong></span> <span class='ocrx_word' id='word_1_315' title='bbox 621 2587 631 2598; x_wconf 92' lang='lat'><strong>·</strong></span> <span class='ocrx_word' id='word_1_316' title='bbox 656 2576 805 2622; x_wconf 91' lang='lat' dir='ltr'><strong>Unum</strong></span> <span class='ocrx_word' id='word_1_317' title='bbox 838 2578 1004 2635; x_wconf 86' lang='lat' dir='ltr'><strong>pendet</strong></span> <span class='ocrx_word' id='word_1_318' title='bbox 1034 2589 1087 2623; x_wconf 87' lang='lat' dir='ltr'><strong>ex</strong></span> <span class='ocrx_word' id='word_1_319' title='bbox 1119 2579 1274 2623; x_wconf 89' lang='lat' dir='ltr'><strong>altero:</strong></span> <span class='ocrx_word' id='word_1_320' title='bbox 1308 2579 1411 2624; x_wconf 90' lang='lat' dir='ltr'><strong>ideo</strong></span> <span class='ocrx_word' id='word_1_321' title='bbox 1434 2580 1673 2624; x_wconf 90' lang='lat' dir='ltr'><strong>obscurum</strong></span> <span class='ocrx_word' id='word_1_322' title='bbox 1707 2580 1812 2637; x_wconf 88' lang='lat' dir='ltr'><strong>quia</strong></span> <span class='ocrx_word' id='word_1_323' title='bbox 1842 2579 1977 2626; x_wconf 86' lang='lat' dir='ltr'><strong>breve</strong></span> <span class='ocrx_word' id='word_1_324' title='bbox 2007 2580 2052 2625; x_wconf 89' lang='lat' dir='ltr'><strong>et</strong></span> <span class='ocrx_word' id='word_1_325' title='bbox 2081 2578 2187 2625; x_wconf 88' lang='lat' dir='ltr'><strong>ideo</strong></span> 
     </span>
     <span class='ocr_line' id='line_1_32' title="bbox 402 2645 2189 2703; baseline 0.003 -12"><span class='ocrx_word' id='word_1_326' title='bbox 402 2645 535 2691; x_wconf 89' lang='lat' dir='ltr'><strong>breve</strong></span> <span class='ocrx_word' id='word_1_327' title='bbox 566 2646 670 2703; x_wconf 90' lang='lat' dir='ltr'><strong>quia</strong></span> <span class='ocrx_word' id='word_1_328' title='bbox 701 2647 956 2694; x_wconf 89' lang='lat' dir='ltr'><strong>obscurum.</strong></span> <span class='ocrx_word' id='word_1_329' title='bbox 978 2664 1021 2694; x_wconf 72' lang='lat' dir='ltr'><strong>ss</strong></span> <span class='ocrx_word' id='word_1_330' title='bbox 1064 2648 1211 2703; x_wconf 92' lang='lat' dir='ltr'><strong>Quae</strong></span> <span class='ocrx_word' id='word_1_331' title='bbox 1235 2661 1245 2671; x_wconf 92' lang='lat'><strong>·</strong></span> <span class='ocrx_word' id='word_1_332' title='bbox 1268 2661 1303 2694; x_wconf 79' lang='lat' dir='ltr'><strong>s,</strong></span> <span class='ocrx_word' id='word_1_333' title='bbox 1327 2650 1631 2696; x_wconf 82' lang='lat' dir='ltr'><strong>obscuritates,</strong></span> <span class='ocrx_word' id='word_1_334' title='bbox 1653 2666 1696 2696; x_wconf 69' lang='grc' dir='ltr'><strong>οε</strong></span> <span class='ocrx_word' id='word_1_335' title='bbox 1756 2650 1946 2696; x_wconf 80' lang='lat' dir='ltr'><strong>Arcani</strong></span> <span class='ocrx_word' id='word_1_336' title='bbox 1968 2661 1979 2673; x_wconf 92' lang='lat'><strong>·</strong></span> <span class='ocrx_word' id='word_1_337' title='bbox 2001 2661 2189 2696; x_wconf 77' lang='lat' dir='ltr'><strong>arcanae</strong></span> 
     </span>
    </p>
   </div>
   <div class='ocr_carea' id='block_1_5' title="bbox 401 2754 686 2761">
    <p class='ocr_par' dir='ltr' id='par_1_5' title="bbox 401 2754 686 2761">
     <span class='ocr_line' id='line_1_33' title="bbox 401 2754 686 2761; baseline 0 0"><span class='ocrx_word' id='word_1_338' title='bbox 401 2754 686 2761; x_wconf 95' lang='lat' dir='ltr'><strong> </strong></span> 
     </span>
    </p>
   </div>
   <div class='ocr_carea' id='block_1_6' title="bbox 402 2812 2193 3103">
    <p class='ocr_par' dir='ltr' id='par_1_6' title="bbox 402 2812 2193 3103">
     <span class='ocr_line' id='line_1_34' title="bbox 544 2812 2188 2858; baseline 0.003 -8"><span class='ocrx_word' id='word_1_339' title='bbox 544 2812 568 2850; x_wconf 82' lang='lat'>5</span> <span class='ocrx_word' id='word_1_340' title='bbox 593 2812 799 2851; x_wconf 80' lang='lat' dir='ltr'>EXPLICIT</span> <span class='ocrx_word' id='word_1_341' title='bbox 824 2813 990 2852; x_wconf 80' lang='lat' dir='ltr'>INCIPIT</span> <span class='ocrx_word' id='word_1_342' title='bbox 1007 2815 1099 2852; x_wconf 74' lang='lat' dir='ltr'><strong>EA</strong></span> <span class='ocrx_word' id='word_1_343' title='bbox 1112 2815 1150 2852; x_wconf 84' lang='lat' dir='ltr'><strong>E.</strong></span> <span class='ocrx_word' id='word_1_344' title='bbox 1171 2814 1213 2858; x_wconf 87' lang='lat' dir='ltr'><strong>C,</strong></span> <span class='ocrx_word' id='word_1_345' title='bbox 1273 2815 1402 2853; x_wconf 83' lang='lat' dir='ltr'>LIBER</span> <span class='ocrx_word' id='word_1_346' title='bbox 1428 2816 1621 2855; x_wconf 83' lang='lat' dir='ltr'>TERTIUS</span> <span class='ocrx_word' id='word_1_347' title='bbox 1648 2815 1859 2855; x_wconf 80' lang='lat' dir='ltr'>EIUSDEM</span> <span class='ocrx_word' id='word_1_348' title='bbox 1886 2815 1954 2855; x_wconf 79' lang='lat' dir='ltr'><strong>AD</strong></span> <span class='ocrx_word' id='word_1_349' title='bbox 1981 2814 2188 2855; x_wconf 68' lang='lat' dir='ltr'>EUNDEM</span> 
     </span>
     <span class='ocr_line' id='line_1_35' title="bbox 404 2869 2187 2922; baseline 0.003 -14"><span class='ocrx_word' id='word_1_350' title='bbox 404 2869 468 2908; x_wconf 85' lang='lat' dir='ltr'><strong>DE</strong></span> <span class='ocrx_word' id='word_1_351' title='bbox 490 2869 823 2910; x_wconf 76' lang='lat' dir='ltr'>SUBS‘I&#39;ANTIIS.</span> <span class='ocrx_word' id='word_1_352' title='bbox 854 2873 1117 2919; x_wconf 80' lang='lat' dir='ltr'>QUOMODO</span> <span class='ocrx_word' id='word_1_353' title='bbox 1143 2874 1431 2913; x_wconf 79' lang='lat' dir='ltr'>SUBSTANTIE</span> <span class='ocrx_word' id='word_1_354' title='bbox 1457 2876 1504 2913; x_wconf 90' lang='lat' dir='ltr'><strong>IN</strong></span> <span class='ocrx_word' id='word_1_355' title='bbox 1532 2876 1596 2914; x_wconf 91' lang='lat' dir='ltr'><strong>EO</strong></span> <span class='ocrx_word' id='word_1_356' title='bbox 1623 2875 1768 2922; x_wconf 87' lang='lat' dir='ltr'>QUOD</span> <span class='ocrx_word' id='word_1_357' title='bbox 1793 2874 1899 2914; x_wconf 90' lang='lat' dir='ltr'>SINT</span> <span class='ocrx_word' id='word_1_358' title='bbox 1923 2874 2058 2914; x_wconf 81' lang='lat' dir='ltr'><strong>BONE</strong></span> <span class='ocrx_word' id='word_1_359' title='bbox 2080 2873 2187 2914; x_wconf 80' lang='lat' dir='ltr'><strong>sm&#39;t</strong></span> 
     </span>
     <span class='ocr_line' id='line_1_36' title="bbox 402 2928 2193 2982; baseline 0.003 -15"><span class='ocrx_word' id='word_1_360' title='bbox 402 2928 510 2968; x_wconf 77' lang='lat' dir='ltr'><strong>CUM</strong></span> <span class='ocrx_word' id='word_1_361' title='bbox 544 2929 651 2968; x_wconf 88' lang='lat' dir='ltr'><strong>NON</strong></span> <span class='ocrx_word' id='word_1_362' title='bbox 685 2930 790 2970; x_wconf 89' lang='lat' dir='ltr'>SINT</span> <span class='ocrx_word' id='word_1_363' title='bbox 822 2931 1190 2972; x_wconf 78' lang='lat' dir='ltr'>SUBSTANTIALIA</span> <span class='ocrx_word' id='word_1_364' title='bbox 1224 2934 1359 2972; x_wconf 83' lang='grc' dir='ltr'><strong>ΒΟΝΑ</strong></span> <span class='ocrx_word' id='word_1_365' title='bbox 1425 2935 1480 2978; x_wconf 85' lang='grc' dir='ltr'><strong>Μ,</strong></span> <span class='ocrx_word' id='word_1_366' title='bbox 1522 2936 1668 2973; x_wconf 59' lang='lat' dir='ltr'><strong>annum</strong></span> <span class='ocrx_word' id='word_1_367' title='bbox 1709 2936 1805 2982; x_wconf 87' lang='lat' dir='ltr'>(LIB.</span> <span class='ocrx_word' id='word_1_368' title='bbox 1837 2935 1895 2981; x_wconf 85' lang='lat' dir='ltr'>III)</span> <span class='ocrx_word' id='word_1_369' title='bbox 1936 2934 2010 2977; x_wconf 72' lang='lat' dir='ltr'><strong>EF.</strong></span> <span class='ocrx_word' id='word_1_370' title='bbox 2045 2943 2121 2973; x_wconf 71' lang='lat' dir='ltr'><strong>out.</strong></span> <span class='ocrx_word' id='word_1_371' title='bbox 2153 2933 2193 2973; x_wconf 81' lang='grc' dir='ltr'><em>Ρ</em></span> 
     </span>
     <span class='ocr_line' id='line_1_37' title="bbox 406 2988 2188 3044; baseline 0.003 -17"><span class='ocrx_word' id='word_1_372' title='bbox 406 2988 450 3027; x_wconf 85' lang='grc'><strong>17</strong></span> <span class='ocrx_word' id='word_1_373' title='bbox 474 2992 731 3039; x_wconf 74' lang='lat' dir='ltr'><strong>perspicaciter</strong></span> <span class='ocrx_word' id='word_1_374' title='bbox 754 3001 784 3029; x_wconf 78' lang='lat' dir='ltr'><strong>s.</strong></span> <span class='ocrx_word' id='word_1_375' title='bbox 802 3002 912 3040; x_wconf 81' lang='lat' dir='ltr'><strong>quarn</strong></span> <span class='ocrx_word' id='word_1_376' title='bbox 939 3003 960 3030; x_wconf 79' lang='lat' dir='ltr'><strong>a</strong></span> <span class='ocrx_word' id='word_1_377' title='bbox 985 3003 1045 3031; x_wconf 89' lang='lat' dir='ltr'><strong>me</strong></span> <span class='ocrx_word' id='word_1_378' title='bbox 1069 2995 1283 3032; x_wconf 84' lang='lat' dir='ltr'><strong>dicerentur.</strong></span> <span class='ocrx_word' id='word_1_379' title='bbox 1321 2994 1354 3032; x_wconf 91' lang='lat' dir='ltr'>C</span> <span class='ocrx_word' id='word_1_380' title='bbox 1439 2996 1731 3044; x_wconf 82' lang='lat' dir='ltr'><strong>complexus·</strong></span> <span class='ocrx_word' id='word_1_381' title='bbox 1750 3000 1945 3042; x_wconf 79' lang='lat' dir='ltr'><strong>antequam</strong></span> <span class='ocrx_word' id='word_1_382' title='bbox 1971 2995 2188 3039; x_wconf 65' lang='lat' dir='ltr'><strong>mm.</strong></span> 
     </span>
     <span class='ocr_line' id='line_1_38' title="bbox 402 3050 2189 3103; baseline 0.003 -16"><span class='ocrx_word' id='word_1_383' title='bbox 402 3052 488 3087; x_wconf 80' lang='lat' dir='ltr'><strong>anie</strong></span> <span class='ocrx_word' id='word_1_384' title='bbox 511 3050 683 3088; x_wconf 78' lang='lat' dir='ltr'><strong>videlieet</strong></span> <span class='ocrx_word' id='word_1_385' title='bbox 706 3061 817 3099; x_wconf 79' lang='lat' dir='ltr'><strong>quam</strong></span> <span class='ocrx_word' id='word_1_386' title='bbox 842 3062 863 3090; x_wconf 81' lang='lat' dir='ltr'><strong>a</strong></span> <span class='ocrx_word' id='word_1_387' title='bbox 889 3062 950 3090; x_wconf 89' lang='lat' dir='ltr'><strong>me</strong></span> <span class='ocrx_word' id='word_1_388' title='bbox 974 3054 1215 3091; x_wconf 68' lang='lat' dir='ltr'><strong>seiberenmr</strong></span> <span class='ocrx_word' id='word_1_389' title='bbox 1242 3054 1313 3091; x_wconf 85' lang='lat' dir='ltr'><strong>TM</strong></span> <span class='ocrx_word' id='word_1_390' title='bbox 1408 3055 1455 3093; x_wconf 85' lang='lat'><strong>23</strong></span> <span class='ocrx_word' id='word_1_391' title='bbox 1481 3054 1711 3103; x_wconf 84' lang='lat' dir='ltr'><strong>haberentur}</strong></span> <span class='ocrx_word' id='word_1_392' title='bbox 1737 3059 1862 3092; x_wconf 82' lang='lat' dir='ltr'><strong>essent</strong></span> <span class='ocrx_word' id='word_1_393' title='bbox 1885 3053 1921 3091; x_wconf 87' lang='grc' dir='ltr'><strong>Β</strong></span> <span class='ocrx_word' id='word_1_394' title='bbox 2013 3053 2061 3092; x_wconf 81' lang='grc'><strong>25</strong></span> <span class='ocrx_word' id='word_1_395' title='bbox 2084 3052 2189 3092; x_wconf 80' lang='lat' dir='ltr'><strong>Cui·</strong></span> 
     </span>
    </p>
   </div>
   <div class='ocr_carea' id='block_1_7' title="bbox 403 3106 2190 3211">
    <p class='ocr_par' dir='ltr' id='par_1_7' title="bbox 403 3106 2190 3211">
     <span class='ocr_line' id='line_1_39' title="bbox 403 3106 2190 3162; baseline 0.004 -18"><span class='ocrx_word' id='word_1_396' title='bbox 403 3106 546 3155; x_wconf 80' lang='lat' dir='ltr'><strong>quaml</strong></span> <span class='ocrx_word' id='word_1_397' title='bbox 570 3107 798 3158; x_wconf 80' lang='lat' dir='ltr'><strong>Partielpo</strong></span> <span class='ocrx_word' id='word_1_398' title='bbox 825 3109 860 3150; x_wconf 83' lang='lat' dir='ltr'><em>C</em></span> <span class='ocrx_word' id='word_1_399' title='bbox 937 3111 985 3149; x_wconf 81' lang='lat'><strong>28</strong></span> <span class='ocrx_word' id='word_1_400' title='bbox 1007 3122 1044 3149; x_wconf 76' lang='lat' dir='ltr'><strong>a.</strong></span> <span class='ocrx_word' id='word_1_401' title='bbox 1061 3112 1109 3150; x_wconf 83' lang='lat'><strong>29</strong></span> <span class='ocrx_word' id='word_1_402' title='bbox 1132 3117 1273 3160; x_wconf 84' lang='lat' dir='ltr'><strong>praeter</strong></span> <span class='ocrx_word' id='word_1_403' title='bbox 1291 3113 1401 3156; x_wconf 81' lang='lat' dir='ltr'><strong>YMF,</strong></span> <span class='ocrx_word' id='word_1_404' title='bbox 1444 3118 1591 3162; x_wconf 88' lang='lat' dir='ltr'><strong>propter</strong></span> <span class='ocrx_word' id='word_1_405' title='bbox 1609 3113 1685 3152; x_wconf 82' lang='lat' dir='ltr'><strong>CB.</strong></span> <span class='ocrx_word' id='word_1_406' title='bbox 1739 3114 1816 3151; x_wconf 78' lang='lat' dir='ltr'><strong>Wie</strong></span> <span class='ocrx_word' id='word_1_407' title='bbox 1837 3113 2190 3155; x_wconf 63' lang='lat' dir='ltr'><strong>numerabuntur.</strong></span> 
     </span>
     <span class='ocr_line' id='line_1_40' title="bbox 403 3165 1573 3211; baseline 0.006 -8"><span class='ocrx_word' id='word_1_408' title='bbox 403 3165 474 3203; x_wconf 79' lang='lat' dir='ltr'><strong>der</strong></span> <span class='ocrx_word' id='word_1_409' title='bbox 495 3165 745 3207; x_wconf 72' lang='lat' dir='ltr'><strong>Kommmar</strong></span> <span class='ocrx_word' id='word_1_410' title='bbox 758 3170 935 3208; x_wconf 65' lang='lat' dir='ltr'><strong>sentem</strong></span> <span class='ocrx_word' id='word_1_411' title='bbox 950 3170 1084 3208; x_wconf 80' lang='lat' dir='ltr'><strong>Lesart</strong></span> <span class='ocrx_word' id='word_1_412' title='bbox 1107 3174 1392 3210; x_wconf 85' lang='lat' dir='ltr'><strong>coniunctum</strong></span> <span class='ocrx_word' id='word_1_413' title='bbox 1418 3182 1573 3211; x_wconf 74' lang='lat' dir='ltr'><strong>vomas.</strong></span> 
     </span>
    </p>
   </div>
   <div class='ocr_carea' id='block_1_8' title="bbox 2297 2870 2352 3568">
    <p class='ocr_par' dir='ltr' id='par_1_8' title="bbox 2297 2870 2352 3568">
     <span class='ocr_line' id='line_1_41' title="bbox 2297 2870 2352 3568; baseline 0 0"><span class='ocrx_word' id='word_1_414' title='bbox 2297 2870 2352 3568; x_wconf 95' lang='lat' dir='ltr'><strong> </strong></span> 
     </span>
    </p>
   </div>
  </div>
 </body>
</html>
