2352 3568
906 231 1095 268 lohannes
1119 228 1279 267 Scottus.
1920 231 1970 274 31

106 382 118 392 --
150 373 164 402 ι
201 361 407 406 laudibus
419 342 515 406 suis
532 365 575 406 et
593 361 820 406 favoribus
834 360 1146 418 splendificam
1166 360 1385 404 homines,
1416 359 1677 404 Memnius
1698 360 1840 404 dictus
1858 361 1981 417 quod

200 431 329 477 fuerit
357 432 414 477 de
444 432 610 477 familia
634 432 855 477 Mnesthei
887 432 1098 489 principis
1124 430 1435 476 Troianorum:
1479 431 1583 475 hinc
1613 431 1822 488 Virgilius
1854 430 1979 488 (Aen.

200 502 373 561 v117):
405 516 549 561 genus
565 517 591 549 a
607 516 699 561 quo
721 503 903 548 nomine
920 503 1104 548 Memni.
1136 502 1410 548 Simachus
1431 502 1732 560 interpretatur
1747 515 1849 547 cum
1871 515 1982 560 pug-

201 587 327 620 nanS.
369 575 482 620 Cum
505 575 732 632 pugnabat
752 575 885 628 enim,
917 575 962 619 id
984 579 1051 619 est
1079 574 1211 619 simul
1233 586 1335 619 cum
1357 574 1529 619 Boetio.
1575 574 1809 630 Pugnabat
1829 578 1981 618 contra

26 622 30 682 f
164 656 184 686 ε
200 646 526 703 improbitatem
543 646 774 691 malorum.
806 646 1183 700 Quaestionem
1199 657 1209 668 ·
1223 645 1438 690 subaudis
1452 645 1523 690 ‘de
1538 649 1690 689 sancta
1705 644 1919 690 trinitate’.
1937 658 1980 686 ss

202 716 492 774 Igniculum
516 729 526 741 ·
548 717 839 774 ingeniolum.
908 717 1199 774 Igniculum
1232 718 1448 774 dignata
1479 721 1591 762 est·
1618 716 1663 760 id
1695 721 1762 760 est
1793 716 1979 773 dignum

201 787 367 832 habuit.
429 788 530 833 Hoc
550 789 669 833 enim
690 789 874 833 verbum
896 789 1148 834 accusativo
1170 789 1374 845 iungitur.
1427 788 1482 832 Et
1511 801 1643 832 suum
1675 788 1877 832 meritum
1909 800 1981 832 ex-

198 858 426 903 tenuando
448 859 553 903 dicit
572 859 815 915 igniculum
847 860 1020 904 mentis.
1042 872 1085 901 ss
1145 859 1437 904 Formatam
1461 871 1471 881 ·
1494 859 1539 903 id
1570 863 1638 903 est
1666 859 1915 904 subnixam.
1938 871 1981 900 ss

201 929 514 975 Rationibus
537 941 548 952 ·
570 930 615 974 id
647 934 714 974 est
745 931 1029 986 argumentis.
1050 943 1094 973 ss
1162 931 1463 975 Mandatam
1487 943 1497 953 ·
1520 931 1565 975 id
1597 935 1664 975 est
1693 931 1915 987 scriptam.
1938 943 1981 971 ss

69 977 77 1009 ³
149 1009 185 1039 ¹⁰
202 1000 542 1047 offerendam
573 1013 583 1024 ·
615 1006 663 1046 ut
700 1002 832 1046 vobis
872 1002 1091 1047 offerrem.
1112 1014 1156 1044 ss
1276 1002 1776 1047 Communicandam
1810 1014 1820 1024 ·
1853 1001 1980 1059 parti-

201 1072 451 1130 cipandam.
472 1085 516 1115 ss
611 1072 797 1117 ludicii
820 1084 830 1095 ·
853 1073 1082 1117 examinis.
1104 1085 1147 1115 ss
1236 1073 1416 1117 Nostri
1454 1074 1656 1117 inventi
1680 1086 1690 1096 ·
1713 1077 1889 1117 nostrae
1920 1072 1983 1116 in·

200 1144 436 1189 ventionis.
457 1156 500 1186 ss
602 1143 740 1198 Quid
772 1144 898 1187 mihi
930 1144 998 1188 sit
1028 1144 1203 1188 animi·
1242 1145 1368 1188 cuius
1399 1145 1637 1188 voluntatis
1668 1145 1775 1197 sim;
1817 1143 1984 1187 scilicet

201 1215 325 1272 quod
356 1214 552 1260 favorem
589 1215 746 1272 populi
777 1227 870 1259 non
901 1215 1090 1272 requiro.
1111 1228 1155 1257 ss
1233 1215 1369 1259 Stilo
1402 1226 1413 1237 ·
1445 1227 1481 1259 s.
1505 1215 1763 1271 scripturae:
1815 1226 1894 1271 per
1923 1214 1983 1258 ef-

199 1286 422 1331 ficientem
453 1286 499 1330 id
530 1286 654 1343 quod
685 1286 884 1330 efficitur.
905 1299 949 1328 ss
1008 1286 1133 1330 Tum
1157 1298 1167 1308 ·
1190 1286 1360 1343 partim.
1382 1298 1426 1328 ss
1487 1285 1820 1329 Difficultate
1843 1297 1853 1306 ·
1879 1285 1983 1341 quia

57 1327 82 1420 ³-
149 1362 184 1392 ¹⁵
199 1357 417 1410 videlicet,
457 1357 496 1401 si
534 1357 657 1414 vulgi
694 1357 854 1414 plausu
891 1357 1141 1411 delectarer,
1185 1357 1336 1414 utique
1368 1369 1461 1401 non
1490 1361 1581 1401 tam
1613 1355 1858 1408 difficulter,
1902 1355 1983 1399 sed

200 1429 352 1486 potius
369 1428 605 1485 vulgariter
621 1429 873 1473 scriberem.
894 1441 938 1471 ss
984 1428 1130 1473 Raris
1152 1441 1163 1451 ·
1186 1429 1360 1473 dativus
1382 1429 1562 1485 pluralis
1583 1432 1662 1472 est.
1684 1441 1727 1469 ss
1767 1427 1956 1471 Famae
1970 1438 1981 1448 ·

201 1499 444 1556 opinionis.
464 1511 509 1541 ss
588 1499 876 1544 lactatione
898 1511 908 1522 ·
932 1500 1203 1544 extensione.
1225 1512 1269 1541 ss
1349 1499 1600 1543 Inanibus
1623 1511 1633 1520 ·
1655 1499 1769 1542 sicut
1800 1497 1982 1554 quidam

202 1570 362 1615 comici
393 1574 437 1614 et
466 1574 640 1627 poetae.
661 1583 705 1612 ss
824 1570 1122 1615 Excitamur
1143 1582 1153 1592 ·
1176 1582 1473 1627 provocamur
1512 1570 1569 1614 ad
1609 1569 1908 1613 scribendum.
1939 1581 1983 1610 ss

202 1639 256 1686 Si
288 1640 407 1697 quis
436 1640 636 1685 fructus
667 1641 895 1685 exterior
916 1653 926 1663 ·
948 1641 987 1685 si
1020 1653 1108 1697 qua
1129 1646 1196 1685 est
1216 1642 1405 1685 exterius
1437 1640 1729 1684 remuneratio
1752 1644 1795 1684 et
1815 1640 1925 1684 laus.
1940 1651 1984 1681 ss

17 1697 32 1766 j}
73 1726 79 1764 3
148 1711 451 1756 ”Materiae
500 1724 510 1734 ·
562 1711 869 1769 Unaquaeque
918 1725 987 1756 res
1031 1713 1278 1757 secundum
1332 1712 1539 1756 materiae
1584 1712 1837 1768 qualitatem
1882 1715 1984 1767 eget

201 1781 367 1827 iudicio
387 1782 698 1828 examinatoris
720 1817 730 1827 .
752 1783 880 1827 Verbi
901 1783 1057 1840 gratia:
1081 1784 1156 1840 qui
1179 1783 1520 1839 descriptionem
1542 1782 1708 1826 faciunt
1737 1782 1982 1827 fabularum

201 1853 359 1911 populi
388 1853 540 1898 favore
560 1853 841 1907 delectantur,
874 1858 921 1898 ut
951 1858 1111 1911 poetae
1143 1858 1186 1898 et
1206 1854 1379 1907 comici,
1412 1853 1488 1910 qui
1510 1854 1555 1897 in
1575 1853 1753 1897 theatris
1775 1858 1818 1897 et
1837 1853 1984 1897 scenis

202 1928 412 1981 poemata
450 1937 531 1969 sua
576 1925 806 1969 recitantes
855 1925 1061 1970 laudibus
1110 1924 1267 1982 populi
1315 1923 1627 1968 tantummodo
1670 1924 1983 1980 gloriabantur.

203 1994 321 2040 Dicit
349 2007 478 2052 ergo:
510 1995 615 2040 ideo
644 2000 837 2040 vestrum
869 1996 1081 2040 iudicium
1112 1996 1302 2052 requiro,
1335 2007 1364 2040 o
1396 1995 1615 2048 Simache,
1649 1995 1753 2051 quia
1785 1994 1982 2039 divinum

165 2070 271 2111 ²⁵est
305 2067 394 2130 hoc
423 2079 541 2124 opus
572 2067 696 2124 quod
737 2068 908 2112 confeci
941 2072 984 2112 et
1013 2067 1349 2111 subtilissimum
1373 2100 1383 2111 .
1405 2066 1603 2110 Necesse
1635 2070 1701 2110 est
1739 2066 1900 2122 itaque,
1938 2070 1986 2109 ut

203 2138 571 2195 prudentissimus
611 2138 768 2183 doctor
806 2140 894 2183 hoc
933 2138 1350 2182 excellentissimum
1383 2149 1500 2194 opus
1531 2137 1763 2188 examinet,
1806 2140 1849 2180 et
1880 2136 1984 2192 quia

202 2209 284 2254 tibi
319 2209 428 2253 illud
459 2209 736 2254 offerendum
769 2210 986 2266 disposui,
1026 2210 1130 2253 ideo
1162 2209 1306 2265 magis
1347 2207 1575 2252 studiosus
1615 2207 1746 2260 extiti,
1787 2219 1845 2250 ne
1876 2206 1983 2263 quid

204 2279 317 2324 forte
355 2280 646 2324 incorrectum
685 2281 763 2325 tibi
803 2281 1133 2337 sapientissimo
1173 2279 1436 2336 displiceret.
1457 2291 1500 2320 ss
1590 2277 1827 2322 Similem
1868 2289 1984 2321 sen-

203 2351 419 2395 tentiam
442 2362 453 2374 ·
474 2352 670 2408 prudens
701 2352 926 2396 iudicium.
1038 2351 1386 2406 Quocumque
1410 2362 1420 2372 ·
1443 2350 1488 2393 in
1529 2360 1858 2405 quamcumque
1889 2360 1985 2404 par-

36 2405 51 2454 ³-
71 2421 87 2485 f²'}
149 2425 309 2466 ³⁰tem.
330 2434 374 2463 ss
452 2421 635 2466 Nullum
667 2423 801 2467 alium
833 2427 1003 2479 praeter
1030 2434 1114 2466 vos
1146 2421 1325 2466 invenio
1358 2421 1434 2477 qui
1471 2420 1603 2464 huius
1635 2419 1770 2463 libelli
1802 2431 1982 2462 munus-

206 2491 355 2536 culum
388 2492 523 2549 digne
554 2493 610 2537 ad
650 2493 889 2550 legendum
922 2497 965 2537 et
995 2493 1304 2549 corrigendum
1337 2491 1535 2548 accipiat,
1578 2490 1791 2547 quoniam
1823 2501 1983 2533 omnes

207 2567 282 2608 aut
311 2563 460 2620 ignavi
492 2568 535 2608 et
564 2565 724 2608 inertes
754 2569 829 2609 aut
858 2568 960 2608 sunt
982 2564 1115 2616 docti,
1147 2563 1228 2607 sed
1260 2562 1405 2607 callidi
1427 2566 1471 2606 et
1500 2561 1651 2606 invidi.
1673 2573 1717 2602 ss
1776 2560 1982 2604 Deieci·

206 2633 437 2679 declinavi.
457 2647 501 2677 ss
568 2635 783 2692 <lgnava
813 2635 1095 2692 segnities>
1119 2634 1339 2691 ‘ignavus
1371 2637 1414 2677 et
1442 2633 1608 2690 segnis.
1624 2645 1680 2676 ss,
1749 2631 1985 2676 Callidus

207 2704 396 2750 <livor>
418 2717 430 2728 ·
452 2706 597 2750 callidi
628 2710 671 2750 et
700 2706 837 2750 invidi
869 2706 1088 2750 homines.
1110 2717 1154 2746 ss
1219 2703 1286 2749 Ut
1315 2702 1688 2748 contumeliam
1713 2714 1723 2724 ·
1746 2701 1791 2745 id
1823 2705 1890 2745 est
1920 2701 1983 2744 in-

153 2780 191 2810 ³⁵
206 2775 374 2822 iuriam.
395 2789 439 2819 ss
507 2777 740 2834 Irrogare
762 2789 772 2799 ·
796 2777 966 2821 inferre.
988 2790 1032 2819 ss
1100 2775 1354 2820 Monstris
1376 2786 1387 2796 ·
1410 2778 1607 2818 monstra
1636 2772 1869 2817 hominum
1902 2783 1984 2815 eos

54 2858 72 2894 τ.
207 2847 412 2904 appellat,
454 2860 570 2904 quos
600 2860 733 2904 supra
772 2848 962 2904 ignavos
993 2852 1036 2891 et
1067 2846 1252 2891 callidos
1285 2845 1392 2889 dixit
1431 2844 1731 2888 auctoritatem
1764 2841 1983 2897 evangelii

207 2916 392 2974 (Matth.
410 2920 452 2972 7,
466 2919 512 2976 6)
533 2914 738 2973 imitatus
761 2932 849 2976 qua
870 2919 946 2963 ait:
979 2919 1116 2963 nolite
1137 2917 1391 2974 margaritas
1412 2916 1580 2960 mittere
1601 2918 1702 2958 ante
1730 2924 1907 2969 porcos.
1940 2924 1984 2952 ss

353 3082 408 3118 11.
436 3082 480 3118 12
503 3084 715 3119 intentionis
742 3082 776 3119 C
929 3083 971 3118 21
998 3083 1303 3129 proscriptionem
1330 3079 1431 3120 TEP,
1460 3079 1765 3126 perscriptionem
1790 3076 1845 3117 Μ,
1870 3077 1984 3122 scrip-

207 3141 347 3187 tionem
363 3140 399 3177 F
487 3140 536 3177 32
560 3141 689 3188 degeci
716 3140 750 3178 C
