2352 3568
438 222 497 267 32
1206 215 1245 254 ε
1263 214 1304 253 rc
1323 214 1438 257 nand.

226 365 260 395 ε’.
277 365 337 397 1⁵0.
354 364 387 394 ιο
444 353 631 399 Stilum
655 364 665 374 ·
690 352 733 397 id
756 356 822 396 est
854 349 1094 396 materiam.
1116 360 1159 391 ss
1221 347 1516 392 Brevitate·
1538 344 1826 398 obscuritate;
1857 342 2072 402 quoniam
2093 353 2232 390 omne

441 425 574 470 breve
596 424 835 469 obscurum
858 426 937 467 est.
982 419 1183 465 lntimis
1206 431 1216 442 ·
1241 417 1474 476 profundis
1496 421 1539 462 et
1570 415 1755 461 arcanis.
1777 427 1821 458 aa
1881 413 2199 474 Disciplinis
2218 425 2231 439 ·

441 494 713 541 difficillimis
745 492 1103 552 quaestionibus;
1136 490 1256 535 addo
1288 489 1423 534 verba
1456 487 1698 545 incognita,
1731 490 1778 532 ut
1808 485 2034 532 difficilius
2063 484 2233 533 indocti

443 566 509 612 eis
540 566 765 611 accedant.
787 578 830 607 ss
890 563 1020 609 Velo
1045 575 1055 586 ·
1079 562 1214 620 pallio
1247 566 1290 606 et
1321 559 1588 606 obscuritate
1619 558 1791 617 operio.
1812 570 1856 602 ⁸⁸
1935 557 1989 604 Si
2020 556 2234 616 quando

405 659 424 686 a
444 638 506 683 ad
538 649 610 682 ea·
643 637 680 682 si
714 635 896 693 quando
929 633 1141 693 placuerit
1172 633 1304 678 vobis
1335 631 1437 677 talia
1469 631 1631 688 legere.
1652 643 1696 673 ss
1807 629 2233 687 colloquantur·

444 708 538 755 Sibi
582 708 704 765 loqui
752 707 908 752 dicitur
950 706 1026 763 qui
1071 705 1196 750 solus
1242 703 1366 761 quod
1410 703 1606 761 loquitur
1648 701 1864 759 intelligit.
2015 699 2151 748 Unde
2191 704 2237 748 et

445 782 600 826 beatus
652 778 928 836 Augustinus
980 777 1036 822 de
1089 781 1245 821 sancto
1297 775 1539 821 Ambrosio
1591 774 1873 832 praedicante
1921 773 1999 819 ait:
2059 771 2147 819 sibi
2191 776 2237 820 et

445 852 532 896 deo
565 850 769 907 loquitur.
791 862 835 892 ss
950 847 1370 894 <summovimus
1391 859 1400 869 ·
1424 846 1756 905 separavimus>
1780 858 1790 870 ·
1814 845 2013 904 Capere
2035 856 2046 868 ·
2067 842 2238 891 scilieet

444 934 509 967 ea.
532 934 574 963 ss
665 920 744 965 Ne
767 932 777 943 ·
801 932 882 978 pro
915 932 1022 965 non.
1045 932 1089 962 ss
1178 918 1398 964 Tantum
1431 930 1458 963 a
1489 917 1646 963 nobis
1669 930 1679 941 ·
1702 917 1866 963 Contra
1897 916 2000 963 illos
2030 916 2142 963 haec
2171 914 2237 962 lo-

316 984 323 992 “
395 1013 428 1042 ιο
445 994 601 1051 quitur,
635 992 710 1049 qui
744 992 946 1037 nesciunt
968 991 1153 1036 modum
1177 1002 1346 1048 ponere
1368 990 1413 1035 in
1440 989 1785 1047 interrogatione
1806 993 1850 1034 et
1870 988 2173 1047 inquisitione.
2193 998 2239 1031 u

330 1050 339 1069 '
446 1064 708 1119 Quantum
757 1063 1027 1108 humanae.
1100 1061 1160 1107 lta
1201 1062 1319 1107 enim
1353 1061 1506 1107 omnia
1536 1064 1640 1106 sunt
1678 1059 1916 1114 tractanda,
1965 1063 2014 1104 ut
2059 1069 2239 1117 semper

447 1136 555 1181 ratio
590 1135 700 1180 infra
730 1147 780 1180 se
812 1134 1038 1180 consistat.
1101 1133 1199 1179 Nec
1240 1145 1452 1191 umquam
1496 1122 1612 1178 vires
1654 1131 1821 1189 ingenii
1862 1131 1932 1176 sui
1964 1130 2067 1189 quis
2104 1129 2241 1177 debet

446 1207 659 1253 excedere
700 1206 836 1263 idque
867 1205 1159 1250 solummodo
1195 1205 1323 1250 decet
1354 1204 1596 1250 memoriae
1627 1203 1957 1256 commendare,
1990 1200 2116 1260 quod
2149 1212 2239 1248 oer-

448 1279 617 1323 tissime
649 1277 776 1322 fuerit
807 1280 1024 1334 repertum
1058 1281 1101 1321 et
1132 1276 1367 1334 probatum
1401 1310 1411 1320 .
1444 1274 1582 1329 Quod
1623 1278 1769 1319 autem
1809 1273 2071 1331 ambiguum
2101 1276 2147 1319 et
2175 1272 2240 1319 in·

398 1368 431 1398 15
450 1350 678 1407 cognitum
701 1348 841 1401 fuerit,
875 1360 899 1392 a
923 1347 1046 1392 nullo
1068 1352 1135 1391 est
1167 1359 1379 1404 umquam
1403 1346 1687 1399 sumendum,
1720 1345 1935 1403 quoniam
1964 1344 2069 1390 ideo
2089 1343 2240 1403 plures

449 1422 622 1466 fuerunt
654 1420 844 1473 heretici,
887 1419 991 1476 quia
1023 1418 1177 1463 altiora
1216 1430 1266 1463 se
1298 1418 1581 1476 quaesierunt
1612 1422 1655 1462 et
1686 1429 1802 1475 quae
1843 1415 2111 1474 ignorabant
2139 1425 2240 1474 pro·

450 1493 558 1537 ferre
590 1491 736 1537 conati
768 1495 884 1535 sunt.
906 1503 949 1532 ss
1010 1489 1139 1535 Nam
1174 1490 1364 1535 ceteris
1387 1501 1397 1512 ·
1419 1489 1547 1534 Verbi
1580 1488 1738 1546 gratia:
1772 1488 1809 1532 si
1842 1487 1944 1545 quis
1975 1485 2242 1534 doctordis-

450 1564 645 1622 cipulum
687 1563 835 1607 minus
876 1562 1178 1620 perspicacem
1221 1562 1404 1607 instruat
1442 1565 1485 1606 et
1525 1561 1598 1605 ille
1638 1572 1798 1605 sensus
1838 1558 2109 1605 hebetudine
2147 1569 2242 1605 nou

450 1635 718 1689 intellexerit,
751 1634 881 1692 culpa
913 1634 1109 1691 magistri
1141 1633 1345 1679 docentis
1367 1645 1459 1679 non
1482 1633 1574 1686 erit,
1606 1633 1687 1678 sed
1720 1631 1927 1690 discipuli
1947 1630 2244 1678 audientiam

395 1725 433 1754 ω
450 1706 662 1751 Artibus
684 1717 694 1728 ·
717 1718 752 1750 s,
775 1705 1043 1750 liberalibus
1065 1717 1109 1747 ss
1169 1704 1438 1749 Medicina
1461 1717 1471 1727 ·
1494 1704 1569 1749 Sic
1600 1705 1732 1749 etiam
1764 1703 1864 1748 talis
1885 1702 2127 1761 disputatio
2148 1713 2242 1748 nou

451 1777 692 1834 aequaliter
721 1776 932 1821 omnibus
965 1775 1159 1833 prodest.
1181 1788 1225 1817 ss
1285 1775 1551 1820 Medentis
1574 1786 1584 1797 ·
1608 1773 1666 1819 Se
1698 1775 1846 1832 ipsum
1870 1772 2068 1831 quodam
2101 1772 2243 1820 modo

452 1848 646 1894 medenti
687 1849 926 1905 comparat.
994 1846 1117 1892 Sicut
1156 1859 1279 1903 erg0,
1321 1847 1476 1904 inquit,
1518 1846 1679 1891 medici
1711 1846 1844 1904 culpa
1881 1857 1975 1891 non
2006 1852 2087 1900 est,
2119 1844 2245 1903 quod

452 1920 652 1965 infirmus
694 1918 894 1964 adhibito
932 1918 1151 1963 medentis
1191 1917 1341 1963 studio
1381 1918 1612 1963 sanitatem
1654 1929 1747 1963 non
1788 1917 1955 1975 recipit,
2008 1916 2067 1962 ita
2110 1916 2245 1962 etiam

452 2002 553 2035 mea
585 1990 715 2047 culpa
747 2002 839 2035 non
871 1990 963 2043 erit,
996 1989 1032 2034 si
1066 1990 1282 2047 insipiens
1315 1989 1500 2047 quilibet
1530 1989 1587 2034 ad
1620 1989 1735 2034 hanc
1766 1988 2002 2034 lectionem
2034 1987 2247 2034 accedere

398 2074 545 2111 asnon
579 2061 776 2118 quiverit.
799 2073 842 2103 ss
914 2061 965 2105 ln
998 2061 1220 2106 ceteris·
1244 2062 1409 2106 artibus
1441 2060 1710 2106 liberalibus.
1732 2073 1775 2103 ss
1844 2059 2104 2115 Quaestio
2134 2063 2245 2105 est·

453 2146 489 2178 s.
511 2138 689 2178 sanctae
720 2132 933 2178 trinitatis.
955 2145 999 2175 ss
1060 2132 1290 2178 Facilior
1311 2145 1321 2156 ·
1345 2133 1382 2178 si
1415 2133 1522 2190 quid
1555 2133 1665 2178 forte
1697 2133 1915 2178 omissum
1947 2127 2057 2177 ests
2088 2130 2152 2186 si,
2183 2130 2248 2176 in·

454 2204 560 2261 quit,
602 2204 769 2262 aliquid
811 2216 1040 2263 perperam
1074 2205 1277 2250 incautus
1308 2205 1476 2259 dixer0,
1517 2205 1646 2250 facile
1677 2205 1817 2250 debes
1858 2203 2103 2262 indulgere,
2142 2202 2249 2262 quia

454 2287 523 2320 res
554 2275 747 2321 difficilis
780 2281 846 2321 est
877 2311 887 2321 .
920 2276 1036 2322 Nam
1070 2281 1114 2322 et
1145 2277 1189 2321 in
1231 2277 1347 2322 facili
1379 2277 1560 2322 materia
1591 2288 1728 2335 saepe
1760 2275 2043 2334 delinquitur,
2079 2274 2247 2321 nedum

454 2346 498 2392 in
522 2347 794 2392 difficillima.
817 2360 859 2390 ss
902 2347 1198 2393 Extulerint
1219 2361 1229 2371 ·
1253 2349 1525 2407 protulerint.
1546 2361 1591 2391 ss
1631 2347 1960 2403 Quaestione
1982 2359 1993 2371 ·
2014 2359 2052 2394 s·
2068 2349 2248 2393 sanctu

397 2435 436 2466 ω
454 2418 665 2463 trinitatis,
687 2431 731 2461 ss
792 2418 927 2464 Hinc
949 2431 959 2442 ·
983 2420 1040 2464 ab
1073 2420 1160 2465 hoc
1191 2420 1310 2465 loco.
1332 2433 1376 2463 ss

241 2486 377 2521 ¹²·¹⁵⁰·¹
597 2489 625 2535 l.
659 2489 1022 2536 Reverentiam
1046 2503 1056 2514 ·
1081 2492 1355 2549 dignitatem.
1378 2504 1420 2534 ss
1483 2491 1666 2537 Plures
1689 2503 1699 2514 ·
1721 2492 1835 2536 sicut
1865 2490 2058 2544 heretici,
2089 2489 2168 2548 qui
2197 2500 2249 2536 se

455 2560 581 2618 ipsos
618 2561 845 2619 appellant
876 2561 1163 2616 Christianos,
1206 2575 1308 2608 cum
1351 2575 1442 2608 non
1483 2563 1584 2608 sint.
1647 2562 1715 2608 De
1755 2563 1920 2620 quibus
1950 2561 2164 2608 dominus
2201 2561 2248 2607 in

455 2632 692 2688 evangelio
724 2632 910 2689 (Matth.
935 2634 976 2687 7,
998 2634 1093 2690 21):
1133 2646 1225 2679 non
1258 2635 1407 2680 omnis
1449 2635 1524 2692 qui
1567 2635 1672 2680 dicit
1710 2634 1819 2679 mihi
1850 2633 2035 2679 domine
2064 2632 2250 2679 domiue

457 2702 632 2747 intrabit
664 2703 708 2748 in
741 2716 926 2761 regnum
960 2706 1183 2751 caelorum
1209 2740 1218 2751 .
1242 2706 1364 2752 Bene
1396 2712 1542 2752 autem
1566 2706 1670 2752 dicit
1701 2709 1954 2764 usurpant
1984 2704 2112 2763 quasi
2142 2703 2250 2750 abu·

400 2792 439 2822 as
455 2778 598 2820 tentes
620 2787 703 2820 usu
726 2776 796 2821 vel
818 2776 861 2821 vi
885 2776 1007 2821 illum
1030 2778 1299 2835 arripientes.
1321 2791 1364 2821 ss
1425 2778 1672 2825 Solitarie
1694 2790 1705 2801 ·
1727 2777 2017 2835 singulariter,
2049 2775 2250 2823 unice.oe

598 2905 623 2943 8
647 2910 809 2954 ergone!
833 2917 906 2944 aus
931 2907 1023 2945 TFP
1132 2910 1173 2946 14
1200 2914 1338 2955 reqtum
1367 2909 1400 2947 C
1507 2910 1549 2948 19
1576 2910 1643 2947 sed
1669 2911 1872 2957 imperitiae
1897 2909 2075 2947 auditoris
2099 2906 2252 2956 depun-

457 2965 554 3002 bltur
576 2964 611 3002 Β
695 2965 737 3003 21
766 2970 918 3014 propest
945 2966 979 3005 C
1062 2967 1109 3005 22
1134 2969 1191 3005 cul
1220 2968 1253 3006 C
1325 2969 1372 3007 23
1390 2970 1551 3007 medenti
1581 2967 1623 3011 C,
1650 2969 1823 3006 medendi
1848 2968 1915 3006 FP
1992 2967 2040 3006 24
2065 2967 2250 3015 incipiens

461 3021 530 3061 ΟΡ
598 3024 646 3062 25
669 3035 693 3062 n
710 3026 867 3072 quiverit
886 3024 930 3067 C,
957 3036 1032 3064 non
1050 3029 1207 3074 quiverit
1224 3027 1266 3070 Ρ.
1294 3031 1499 3076 nequiverit
1524 3028 1558 3065 F
1627 3028 1684 3066 26.
1702 3028 1749 3065 27
1774 3026 1839 3065 Sin
1865 3029 1943 3075 quit
1969 3026 2110 3075 aliquid
2136 3023 2180 3068 C.
2204 3023 2250 3063 Et

458 3082 531 3120 hoc
555 3083 640 3136 (hec
664 3083 711 3130 Ρ)
736 3084 823 3122 dicit
849 3087 879 3122 si
906 3086 1045 3133 aliquid
1069 3086 1181 3124 MFP
1296 3087 1338 3125 31
1370 3090 1478 3125 etiam
1506 3089 1653 3125 heretici
1681 3092 1716 3125 et
1741 3089 1870 3124 arriani
1895 3086 2031 3124 &Meu
2052 3095 2128 3124 vor
2149 3082 2251 3123 Sicut

458 3139 491 3178 C
514 3141 576 3179 ela
683 3143 742 3181 34.
768 3144 816 3183 35
841 3146 1032 3184 abutentes
1060 3145 1136 3191 CB.
1162 3148 1318 3185 abuslue
1343 3149 1534 3186 abutentoe
1563 3147 1699 3185 TMFP
1792 3147 1840 3186 35
1865 3148 1964 3185 illam
1992 3144 2088 3185 CLB
