<?xml version="1.0" encoding="UTF-8"?>
<!DOCTYPE html PUBLIC "-//W3C//DTD XHTML 1.0 Transitional//EN"
    "http://www.w3.org/TR/xhtml1/DTD/xhtml1-transitional.dtd">
<html xmlns="http://www.w3.org/1999/xhtml" xml:lang="en" lang="en">
 <head>
  <title>
</title>
<meta http-equiv="Content-Type" content="text/html;charset=utf-8" />
  <meta name='ocr-system' content='tesseract 3.04.00' />
  <meta name='ocr-capabilities' content='ocr_page ocr_carea ocr_par ocr_line ocrx_word'/>
</head>
<body>
  <div class='ocr_page' id='page_1' title='image "./johannesscottus00rand/johannesscottus00rand_0078.png"; bbox 0 0 2352 3568; ppageno 0'>
   <div class='ocr_carea' id='block_1_1' title="bbox 395 223 1443 303">
    <p class='ocr_par' dir='ltr' id='par_1_1' title="bbox 395 223 1443 303">
     <span class='ocr_line' id='line_1_1' title="bbox 395 223 1443 303; baseline -0.016 0"><span class='ocrx_word' id='word_1_1' title='bbox 395 257 454 303; x_wconf 88' lang='grc'><strong>58</strong></span> <span class='ocrx_word' id='word_1_2' title='bbox 846 223 848 225; x_wconf 69' lang='lat'><strong>.</strong></span> <span class='ocrx_word' id='word_1_3' title='bbox 1165 250 1443 294; x_wconf 54' lang='lat' dir='ltr'><strong>altana„</strong></span> 
     </span>
    </p>
   </div>
   <div class='ocr_carea' id='block_1_2' title="bbox 189 379 2352 2867">
    <p class='ocr_par' dir='ltr' id='par_1_2' title="bbox 189 379 2187 658">
     <span class='ocr_line' id='line_1_2' title="bbox 189 379 2182 445; baseline -0.003 -11"><span class='ocrx_word' id='word_1_4' title='bbox 189 400 212 429; x_wconf 74' lang='grc' dir='ltr'><strong>Ρ</strong></span> <span class='ocrx_word' id='word_1_5' title='bbox 236 398 296 432; x_wconf 77' lang='lat'><strong>1⁸⁷.</strong></span> <span class='ocrx_word' id='word_1_6' title='bbox 313 399 346 428; x_wconf 69' lang='grc' dir='ltr'><strong>ιο</strong></span> <span class='ocrx_word' id='word_1_7' title='bbox 400 388 527 434; x_wconf 85' lang='lat' dir='ltr'><strong>facile</strong></span> <span class='ocrx_word' id='word_1_8' title='bbox 558 400 607 433; x_wconf 91' lang='lat' dir='ltr'><strong>se</strong></span> <span class='ocrx_word' id='word_1_9' title='bbox 638 387 749 432; x_wconf 90' lang='lat' dir='ltr'><strong>scire</strong></span> <span class='ocrx_word' id='word_1_10' title='bbox 781 387 1079 445; x_wconf 88' lang='lat' dir='ltr'><strong>profiteantur.</strong></span> <span class='ocrx_word' id='word_1_11' title='bbox 1102 400 1144 429; x_wconf 85' lang='grc'><strong>33</strong></span> <span class='ocrx_word' id='word_1_12' title='bbox 1204 382 1408 428; x_wconf 86' lang='lat' dir='ltr'>Leviter</span> <span class='ocrx_word' id='word_1_13' title='bbox 1429 393 1440 404; x_wconf 93' lang='lat'><strong>·</strong></span> <span class='ocrx_word' id='word_1_14' title='bbox 1463 380 1732 427; x_wconf 82' lang='lat' dir='ltr'><strong>summatim.</strong></span> <span class='ocrx_word' id='word_1_15' title='bbox 1754 397 1797 427; x_wconf 82' lang='grc'><strong>33</strong></span> <span class='ocrx_word' id='word_1_16' title='bbox 1866 379 2150 440; x_wconf 84' lang='lat' dir='ltr'><strong>Expediret</strong></span> <span class='ocrx_word' id='word_1_17' title='bbox 2170 392 2182 407; x_wconf 85' lang='lat'><em>⁰</em></span> 
     </span>
     <span class='ocr_line' id='line_1_3' title="bbox 396 452 2182 515; baseline -0.003 -10"><span class='ocrx_word' id='word_1_18' title='bbox 396 459 646 505; x_wconf 88' lang='lat' dir='ltr'><strong>absolveret</strong></span> <span class='ocrx_word' id='word_1_19' title='bbox 676 463 719 503; x_wconf 92' lang='lat' dir='ltr'><strong>et</strong></span> <span class='ocrx_word' id='word_1_20' title='bbox 750 458 1015 515; x_wconf 82' lang='lat' dir='ltr'><strong>explanaret.</strong></span> <span class='ocrx_word' id='word_1_21' title='bbox 1037 472 1079 499; x_wconf 82' lang='grc'><strong>33</strong></span> <span class='ocrx_word' id='word_1_22' title='bbox 1154 454 1466 500; x_wconf 83' lang='lat' dir='ltr'><strong>Assederam</strong></span> <span class='ocrx_word' id='word_1_23' title='bbox 1491 464 1501 475; x_wconf 92' lang='lat'><strong>·</strong></span> <span class='ocrx_word' id='word_1_24' title='bbox 1525 453 1569 497; x_wconf 91' lang='lat' dir='ltr'><strong>id</strong></span> <span class='ocrx_word' id='word_1_25' title='bbox 1601 456 1669 498; x_wconf 68' lang='lat' dir='ltr'><strong>est</strong></span> <span class='ocrx_word' id='word_1_26' title='bbox 1698 452 1916 498; x_wconf 85' lang='lat' dir='ltr'><strong>obversus</strong></span> <span class='ocrx_word' id='word_1_27' title='bbox 1946 452 2149 500; x_wconf 79' lang='lat' dir='ltr'><strong>sederam</strong></span> <span class='ocrx_word' id='word_1_28' title='bbox 2170 486 2182 500; x_wconf 91' lang='lat'><strong>.</strong></span> 
     </span>
     <span class='ocr_line' id='line_1_4' title="bbox 397 523 2185 582; baseline -0.003 -6"><span class='ocrx_word' id='word_1_29' title='bbox 397 530 472 576; x_wconf 74' lang='lat' dir='ltr'><strong>Ab</strong></span> <span class='ocrx_word' id='word_1_30' title='bbox 504 542 566 575; x_wconf 91' lang='lat' dir='ltr'><strong>eo</strong></span> <span class='ocrx_word' id='word_1_31' title='bbox 589 542 599 552; x_wconf 92' lang='lat'><strong>·</strong></span> <span class='ocrx_word' id='word_1_32' title='bbox 623 530 666 575; x_wconf 89' lang='lat' dir='ltr'><strong>id</strong></span> <span class='ocrx_word' id='word_1_33' title='bbox 699 534 766 574; x_wconf 90' lang='lat' dir='ltr'><strong>est</strong></span> <span class='ocrx_word' id='word_1_34' title='bbox 796 542 821 574; x_wconf 96' lang='lat' dir='ltr'><strong>a</strong></span> <span class='ocrx_word' id='word_1_35' title='bbox 853 528 1077 574; x_wconf 87' lang='lat' dir='ltr'><strong>Simacho.</strong></span> <span class='ocrx_word' id='word_1_36' title='bbox 1099 543 1141 571; x_wconf 89' lang='grc'><strong>33</strong></span> <span class='ocrx_word' id='word_1_37' title='bbox 1232 524 1466 582; x_wconf 89' lang='lat' dir='ltr'>Longius</span> <span class='ocrx_word' id='word_1_38' title='bbox 1493 535 1504 548; x_wconf 93' lang='lat'><strong>·</strong></span> <span class='ocrx_word' id='word_1_39' title='bbox 1538 524 1698 582; x_wconf 77' lang='lat' dir='ltr'><strong>Longo</strong></span> <span class='ocrx_word' id='word_1_40' title='bbox 1729 523 1876 582; x_wconf 92' lang='lat' dir='ltr'><strong>spatio</strong></span> <span class='ocrx_word' id='word_1_41' title='bbox 1907 523 2126 570; x_wconf 82' lang='lat' dir='ltr'><strong>distabam</strong></span> <span class='ocrx_word' id='word_1_42' title='bbox 2157 535 2185 571; x_wconf 81' lang='lat' dir='ltr'><strong>a</strong></span> 
     </span>
     <span class='ocr_line' id='line_1_5' title="bbox 397 594 2187 658; baseline -0.003 -11"><span class='ocrx_word' id='word_1_43' title='bbox 397 601 607 647; x_wconf 83' lang='lat' dir='ltr'><strong>Simacho</strong></span> <span class='ocrx_word' id='word_1_44' title='bbox 638 613 771 658; x_wconf 89' lang='lat' dir='ltr'><strong>quem</strong></span> <span class='ocrx_word' id='word_1_45' title='bbox 815 599 968 645; x_wconf 88' lang='lat' dir='ltr'><strong>intueri</strong></span> <span class='ocrx_word' id='word_1_46' title='bbox 1000 599 1223 651; x_wconf 88' lang='lat' dir='ltr'><strong>volebam,</strong></span> <span class='ocrx_word' id='word_1_47' title='bbox 1265 599 1312 641; x_wconf 91' lang='lat' dir='ltr'><strong>ut</strong></span> <span class='ocrx_word' id='word_1_48' title='bbox 1343 596 1447 654; x_wconf 88' lang='lat' dir='ltr'><strong>quia</strong></span> <span class='ocrx_word' id='word_1_49' title='bbox 1478 607 1637 641; x_wconf 90' lang='lat' dir='ltr'><strong>vocem</strong></span> <span class='ocrx_word' id='word_1_50' title='bbox 1669 595 1767 640; x_wconf 89' lang='lat' dir='ltr'><strong>eius</strong></span> <span class='ocrx_word' id='word_1_51' title='bbox 1798 594 1950 641; x_wconf 90' lang='lat' dir='ltr'><strong>audire</strong></span> <span class='ocrx_word' id='word_1_52' title='bbox 1981 606 2075 641; x_wconf 90' lang='lat' dir='ltr'><strong>non</strong></span> <span class='ocrx_word' id='word_1_53' title='bbox 2104 606 2187 654; x_wconf 90' lang='lat' dir='ltr'><strong>po-</strong></span> 
     </span>
    </p>

    <p class='ocr_par' dir='ltr' id='par_1_3' title="bbox 346 665 2352 2867">
     <span class='ocr_line' id='line_1_6' title="bbox 359 665 2186 730; baseline -0.003 -12"><span class='ocrx_word' id='word_1_54' title='bbox 359 677 547 726; x_wconf 76' lang='lat' dir='ltr'><strong>steram,</strong></span> <span class='ocrx_word' id='word_1_55' title='bbox 586 672 785 730; x_wconf 83' lang='lat' dir='ltr'><strong>plurimis</strong></span> <span class='ocrx_word' id='word_1_56' title='bbox 817 672 926 716; x_wconf 89' lang='lat' dir='ltr'><strong>inter</strong></span> <span class='ocrx_word' id='word_1_57' title='bbox 957 682 1042 715; x_wconf 92' lang='lat' dir='ltr'><strong>nos</strong></span> <span class='ocrx_word' id='word_1_58' title='bbox 1074 669 1245 727; x_wconf 92' lang='lat' dir='ltr'><strong>positis,</strong></span> <span class='ocrx_word' id='word_1_59' title='bbox 1286 668 1442 713; x_wconf 89' lang='lat' dir='ltr'><strong>saltem</strong></span> <span class='ocrx_word' id='word_1_60' title='bbox 1474 667 1545 712; x_wconf 90' lang='lat' dir='ltr'><strong>vel</strong></span> <span class='ocrx_word' id='word_1_61' title='bbox 1576 667 1674 713; x_wconf 90' lang='lat' dir='ltr'><strong>eius</strong></span> <span class='ocrx_word' id='word_1_62' title='bbox 1713 671 1867 712; x_wconf 89' lang='lat' dir='ltr'><strong>nutum</strong></span> <span class='ocrx_word' id='word_1_63' title='bbox 1901 665 1971 712; x_wconf 90' lang='lat' dir='ltr'><strong>vel</strong></span> <span class='ocrx_word' id='word_1_64' title='bbox 2001 665 2186 725; x_wconf 83' lang='lat' dir='ltr'><strong>aliquod</strong></span> 
     </span>
     <span class='ocr_line' id='line_1_7' title="bbox 396 737 2184 801; baseline -0.003 -12"><span class='ocrx_word' id='word_1_65' title='bbox 396 745 573 801; x_wconf 89' lang='lat' dir='ltr'><strong>signum</strong></span> <span class='ocrx_word' id='word_1_66' title='bbox 607 754 788 800; x_wconf 90' lang='lat' dir='ltr'><strong>possem</strong></span> <span class='ocrx_word' id='word_1_67' title='bbox 822 753 993 799; x_wconf 86' lang='lat' dir='ltr'><strong>capere,</strong></span> <span class='ocrx_word' id='word_1_68' title='bbox 1036 745 1082 785; x_wconf 91' lang='lat' dir='ltr'><strong>ut</strong></span> <span class='ocrx_word' id='word_1_69' title='bbox 1113 752 1191 798; x_wconf 91' lang='lat' dir='ltr'><strong>per</strong></span> <span class='ocrx_word' id='word_1_70' title='bbox 1222 740 1310 784; x_wconf 90' lang='lat' dir='ltr'><strong>hoc</strong></span> <span class='ocrx_word' id='word_1_71' title='bbox 1341 750 1663 797; x_wconf 87' lang='lat' dir='ltr'><strong>cognoscerem</strong></span> <span class='ocrx_word' id='word_1_72' title='bbox 1697 738 1767 784; x_wconf 90' lang='lat' dir='ltr'><strong>cui</strong></span> <span class='ocrx_word' id='word_1_73' title='bbox 1800 738 1910 796; x_wconf 88' lang='lat' dir='ltr'><strong>parti</strong></span> <span class='ocrx_word' id='word_1_74' title='bbox 1942 737 2184 784; x_wconf 86' lang='lat' dir='ltr'><strong>favendum</strong></span> 
     </span>
     <span class='ocr_line' id='line_1_8' title="bbox 398 807 2189 871; baseline -0.002 -12"><span class='ocrx_word' id='word_1_75' title='bbox 398 819 526 860; x_wconf 89' lang='lat' dir='ltr'><strong>esset.</strong></span> <span class='ocrx_word' id='word_1_76' title='bbox 550 831 591 858; x_wconf 85' lang='grc'><strong>33</strong></span> <span class='ocrx_word' id='word_1_77' title='bbox 642 813 694 859; x_wconf 91' lang='lat' dir='ltr'><strong>Si</strong></span> <span class='ocrx_word' id='word_1_78' title='bbox 717 813 928 871; x_wconf 88' lang='lat' dir='ltr'><strong>quidem</strong></span> <span class='ocrx_word' id='word_1_79' title='bbox 953 825 963 835; x_wconf 94' lang='lat'><strong>·</strong></span> <span class='ocrx_word' id='word_1_80' title='bbox 987 812 1031 857; x_wconf 89' lang='lat' dir='ltr'><strong>id</strong></span> <span class='ocrx_word' id='word_1_81' title='bbox 1054 816 1121 857; x_wconf 89' lang='lat' dir='ltr'><strong>est</strong></span> <span class='ocrx_word' id='word_1_82' title='bbox 1140 812 1179 856; x_wconf 93' lang='lat' dir='ltr'><strong>si</strong></span> <span class='ocrx_word' id='word_1_83' title='bbox 1200 810 1350 856; x_wconf 90' lang='lat' dir='ltr'><strong>studio</strong></span> <span class='ocrx_word' id='word_1_84' title='bbox 1371 809 1546 856; x_wconf 89' lang='lat' dir='ltr'><strong>vellem.</strong></span> <span class='ocrx_word' id='word_1_85' title='bbox 1569 826 1612 855; x_wconf 84' lang='grc'><strong>33</strong></span> <span class='ocrx_word' id='word_1_86' title='bbox 1672 809 1975 867; x_wconf 89' lang='lat' dir='ltr'><strong>Nutumque</strong></span> <span class='ocrx_word' id='word_1_87' title='bbox 1996 820 2008 832; x_wconf 89' lang='lat'><strong>·</strong></span> <span class='ocrx_word' id='word_1_88' title='bbox 2030 807 2189 856; x_wconf 80' lang='lat' dir='ltr'><strong>Solent</strong></span> 
     </span>
     <span class='ocr_line' id='line_1_9' title="bbox 398 880 2186 942; baseline -0.002 -12"><span class='ocrx_word' id='word_1_89' title='bbox 398 886 515 930; x_wconf 90' lang='lat' dir='ltr'><strong>enim</strong></span> <span class='ocrx_word' id='word_1_90' title='bbox 537 885 615 930; x_wconf 90' lang='lat' dir='ltr'><strong>viri</strong></span> <span class='ocrx_word' id='word_1_91' title='bbox 647 885 871 942; x_wconf 87' lang='lat' dir='ltr'><strong>sapientes</strong></span> <span class='ocrx_word' id='word_1_92' title='bbox 893 895 947 928; x_wconf 88' lang='lat' dir='ltr'><strong>ex</strong></span> <span class='ocrx_word' id='word_1_93' title='bbox 968 883 1070 928; x_wconf 88' lang='lat' dir='ltr'><strong>solo</strong></span> <span class='ocrx_word' id='word_1_94' title='bbox 1102 886 1210 927; x_wconf 86' lang='lat' dir='ltr'><strong>nutu</strong></span> <span class='ocrx_word' id='word_1_95' title='bbox 1233 884 1275 927; x_wconf 90' lang='lat' dir='ltr'><strong>et</strong></span> <span class='ocrx_word' id='word_1_96' title='bbox 1307 882 1507 940; x_wconf 91' lang='lat' dir='ltr'><strong>corporis</strong></span> <span class='ocrx_word' id='word_1_97' title='bbox 1527 885 1657 940; x_wconf 67' lang='lat' dir='ltr'><strong>gestu</strong></span> <span class='ocrx_word' id='word_1_98' title='bbox 1679 881 1930 927; x_wconf 70' lang='lat' dir='ltr'><strong>voluntates</strong></span> <span class='ocrx_word' id='word_1_99' title='bbox 1950 880 2186 927; x_wconf 83' lang='lat' dir='ltr'><strong>hominum</strong></span> 
     </span>
     <span class='ocr_line' id='line_1_10' title="bbox 397 950 2187 1014; baseline -0.002 -12"><span class='ocrx_word' id='word_1_100' title='bbox 397 957 619 1014; x_wconf 88' lang='lat' dir='ltr'><strong>colligere.</strong></span> <span class='ocrx_word' id='word_1_101' title='bbox 641 972 683 1001; x_wconf 85' lang='grc'><strong>33</strong></span> <span class='ocrx_word' id='word_1_102' title='bbox 746 956 932 1001; x_wconf 89' lang='lat' dir='ltr'><strong>ludicii</strong></span> <span class='ocrx_word' id='word_1_103' title='bbox 956 967 966 978; x_wconf 86' lang='lat'><strong>·</strong></span> <span class='ocrx_word' id='word_1_104' title='bbox 989 955 1246 1000; x_wconf 88' lang='lat' dir='ltr'><strong>sententiae.</strong></span> <span class='ocrx_word' id='word_1_105' title='bbox 1270 970 1312 999; x_wconf 86' lang='grc'><strong>33</strong></span> <span class='ocrx_word' id='word_1_106' title='bbox 1373 953 1589 1012; x_wconf 79' lang='lat' dir='ltr'><strong>Aliquid</strong></span> <span class='ocrx_word' id='word_1_107' title='bbox 1621 953 1804 1000; x_wconf 87' lang='lat' dir='ltr'><strong>&lt;etiam</strong></span> <span class='ocrx_word' id='word_1_108' title='bbox 1828 953 2023 999; x_wconf 89' lang='lat' dir='ltr'><strong>minus&gt;</strong></span> <span class='ocrx_word' id='word_1_109' title='bbox 2047 963 2058 975; x_wconf 95' lang='lat'><strong>·</strong></span> <span class='ocrx_word' id='word_1_110' title='bbox 2080 950 2187 1010; x_wconf 87' lang='lat' dir='ltr'><strong>quia</strong></span> 
     </span>
     <span class='ocr_line' id='line_1_11' title="bbox 346 1022 2185 1084; baseline -0.004 -8"><span class='ocrx_word' id='word_1_111' title='bbox 346 1048 380 1076; x_wconf 88' lang='grc' dir='ltr'><strong>ιο</strong></span> <span class='ocrx_word' id='word_1_112' title='bbox 398 1040 489 1073; x_wconf 85' lang='grc' dir='ltr'><strong>ηοη</strong></span> <span class='ocrx_word' id='word_1_113' title='bbox 522 1029 579 1073; x_wconf 89' lang='lat' dir='ltr'><strong>ita</strong></span> <span class='ocrx_word' id='word_1_114' title='bbox 602 1027 777 1073; x_wconf 81' lang='lat' dir='ltr'><strong>facilem</strong></span> <span class='ocrx_word' id='word_1_115' title='bbox 801 1027 1109 1084; x_wconf 89' lang='lat' dir='ltr'><strong>quaestionem</strong></span> <span class='ocrx_word' id='word_1_116' title='bbox 1131 1038 1232 1071; x_wconf 90' lang='lat' dir='ltr'><strong>esse</strong></span> <span class='ocrx_word' id='word_1_117' title='bbox 1253 1025 1489 1071; x_wconf 85' lang='lat' dir='ltr'><strong>credebam</strong></span> <span class='ocrx_word' id='word_1_118' title='bbox 1511 1025 1627 1071; x_wconf 88' lang='lat' dir='ltr'><strong>sicut</strong></span> <span class='ocrx_word' id='word_1_119' title='bbox 1645 1025 1733 1071; x_wconf 87' lang='lat' dir='ltr'><strong>alii.</strong></span> <span class='ocrx_word' id='word_1_120' title='bbox 1754 1041 1797 1069; x_wconf 86' lang='grc'><strong>33</strong></span> <span class='ocrx_word' id='word_1_121' title='bbox 1876 1022 2159 1082; x_wconf 83' lang='lat' dir='ltr'><strong>Proposita</strong></span> <span class='ocrx_word' id='word_1_122' title='bbox 2174 1034 2185 1046; x_wconf 93' lang='lat'><strong>·</strong></span> 
     </span>
     <span class='ocr_line' id='line_1_12' title="bbox 398 1093 2186 1157; baseline -0.003 -12"><span class='ocrx_word' id='word_1_123' title='bbox 398 1099 592 1157; x_wconf 82' lang='lat' dir='ltr'><strong>Exponit</strong></span> <span class='ocrx_word' id='word_1_124' title='bbox 622 1098 746 1156; x_wconf 91' lang='lat' dir='ltr'><strong>quod</strong></span> <span class='ocrx_word' id='word_1_125' title='bbox 777 1110 910 1155; x_wconf 91' lang='lat' dir='ltr'><strong>supra</strong></span> <span class='ocrx_word' id='word_1_126' title='bbox 942 1098 1050 1143; x_wconf 88' lang='lat' dir='ltr'><strong>dixit</strong></span> <span class='ocrx_word' id='word_1_127' title='bbox 1081 1097 1188 1143; x_wconf 87' lang='lat' dir='ltr'><strong>nihil</strong></span> <span class='ocrx_word' id='word_1_128' title='bbox 1220 1097 1413 1155; x_wconf 89' lang='lat' dir='ltr'><strong>amplius</strong></span> <span class='ocrx_word' id='word_1_129' title='bbox 1445 1096 1601 1143; x_wconf 89' lang='lat' dir='ltr'><strong>ceteris</strong></span> <span class='ocrx_word' id='word_1_130' title='bbox 1631 1108 1682 1141; x_wconf 92' lang='lat' dir='ltr'><strong>se</strong></span> <span class='ocrx_word' id='word_1_131' title='bbox 1713 1096 1881 1141; x_wconf 79' lang='lat' dir='ltr'><strong>afferre.</strong></span> <span class='ocrx_word' id='word_1_132' title='bbox 1903 1111 1947 1141; x_wconf 83' lang='grc'><strong>33</strong></span> <span class='ocrx_word' id='word_1_133' title='bbox 2034 1093 2153 1140; x_wconf 85' lang='lat' dir='ltr'><strong>‘ruli</strong></span> <span class='ocrx_word' id='word_1_134' title='bbox 2174 1105 2186 1116; x_wconf 93' lang='lat'><strong>·</strong></span> 
     </span>
     <span class='ocr_line' id='line_1_13' title="bbox 397 1166 2190 1225; baseline -0.003 -9"><span class='ocrx_word' id='word_1_135' title='bbox 397 1171 519 1216; x_wconf 89' lang='lat' dir='ltr'><strong>illum</strong></span> <span class='ocrx_word' id='word_1_136' title='bbox 551 1170 786 1216; x_wconf 88' lang='lat' dir='ltr'><strong>tumultum</strong></span> <span class='ocrx_word' id='word_1_137' title='bbox 819 1182 921 1215; x_wconf 88' lang='lat' dir='ltr'><strong>curn</strong></span> <span class='ocrx_word' id='word_1_138' title='bbox 952 1169 1134 1214; x_wconf 89' lang='lat' dir='ltr'><strong>tristitia.</strong></span> <span class='ocrx_word' id='word_1_139' title='bbox 1157 1185 1199 1214; x_wconf 88' lang='grc'><strong>33</strong></span> <span class='ocrx_word' id='word_1_140' title='bbox 1287 1168 1621 1214; x_wconf 89' lang='lat' dir='ltr'><strong>indoctorum</strong></span> <span class='ocrx_word' id='word_1_141' title='bbox 1646 1178 1656 1191; x_wconf 93' lang='lat'><strong>·</strong></span> <span class='ocrx_word' id='word_1_142' title='bbox 1680 1167 1756 1225; x_wconf 89' lang='lat' dir='ltr'><strong>qui</strong></span> <span class='ocrx_word' id='word_1_143' title='bbox 1787 1166 2063 1212; x_wconf 86' lang='lat' dir='ltr'><strong>tumultuose</strong></span> <span class='ocrx_word' id='word_1_144' title='bbox 2093 1177 2190 1224; x_wconf 87' lang='lat' dir='ltr'><strong>per·</strong></span> 
     </span>
     <span class='ocr_line' id='line_1_14' title="bbox 396 1236 2188 1300; baseline -0.002 -13"><span class='ocrx_word' id='word_1_145' title='bbox 396 1242 662 1300; x_wconf 89' lang='lat' dir='ltr'><strong>strepebant.</strong></span> <span class='ocrx_word' id='word_1_146' title='bbox 685 1258 726 1286; x_wconf 87' lang='grc'><strong>33</strong></span> <span class='ocrx_word' id='word_1_147' title='bbox 795 1240 871 1286; x_wconf 91' lang='lat' dir='ltr'><strong>Ne</strong></span> <span class='ocrx_word' id='word_1_148' title='bbox 903 1241 1012 1286; x_wconf 90' lang='lat' dir='ltr'><strong>iure</strong></span> <span class='ocrx_word' id='word_1_149' title='bbox 1035 1252 1045 1263; x_wconf 93' lang='lat'><strong>·</strong></span> <span class='ocrx_word' id='word_1_150' title='bbox 1069 1239 1115 1285; x_wconf 91' lang='lat' dir='ltr'><strong>Si</strong></span> <span class='ocrx_word' id='word_1_151' title='bbox 1147 1240 1328 1297; x_wconf 90' lang='lat' dir='ltr'><strong>sapiens</strong></span> <span class='ocrx_word' id='word_1_152' title='bbox 1359 1251 1460 1284; x_wconf 91' lang='lat' dir='ltr'><strong>cum</strong></span> <span class='ocrx_word' id='word_1_153' title='bbox 1493 1238 1672 1284; x_wconf 82' lang='lat' dir='ltr'><strong>furiosis</strong></span> <span class='ocrx_word' id='word_1_154' title='bbox 1704 1238 1856 1295; x_wconf 90' lang='lat' dir='ltr'><strong>litigat,</strong></span> <span class='ocrx_word' id='word_1_155' title='bbox 1889 1238 1955 1283; x_wconf 89' lang='lat' dir='ltr'><strong>eis</strong></span> <span class='ocrx_word' id='word_1_156' title='bbox 1986 1236 2188 1296; x_wconf 81' lang='lat' dir='ltr'><strong>quodam</strong></span> 
     </span>
     <span class='ocr_line' id='line_1_15' title="bbox 398 1308 2189 1369; baseline -0.002 -11"><span class='ocrx_word' id='word_1_157' title='bbox 398 1314 538 1359; x_wconf 89' lang='lat' dir='ltr'><strong>modo</strong></span> <span class='ocrx_word' id='word_1_158' title='bbox 569 1312 726 1357; x_wconf 89' lang='lat' dir='ltr'><strong>similis</strong></span> <span class='ocrx_word' id='word_1_159' title='bbox 758 1324 857 1357; x_wconf 91' lang='lat' dir='ltr'><strong>esse</strong></span> <span class='ocrx_word' id='word_1_160' title='bbox 889 1312 1123 1369; x_wconf 86' lang='lat' dir='ltr'><strong>putabitur.</strong></span> <span class='ocrx_word' id='word_1_161' title='bbox 1146 1328 1187 1356; x_wconf 90' lang='grc'><strong>33</strong></span> <span class='ocrx_word' id='word_1_162' title='bbox 1264 1310 1467 1355; x_wconf 90' lang='lat' dir='ltr'><strong>Dehinc</strong></span> <span class='ocrx_word' id='word_1_163' title='bbox 1489 1322 1499 1332; x_wconf 93' lang='lat'><strong>·</strong></span> <span class='ocrx_word' id='word_1_164' title='bbox 1523 1310 1695 1355; x_wconf 88' lang='lat' dir='ltr'><strong>exinde.</strong></span> <span class='ocrx_word' id='word_1_165' title='bbox 1718 1326 1760 1354; x_wconf 98' lang='grc'><strong>33</strong></span> <span class='ocrx_word' id='word_1_166' title='bbox 1825 1308 2189 1367; x_wconf 86' lang='lat' dir='ltr'><strong>Eglutiebam·</strong></span> 
     </span>
     <span class='ocr_line' id='line_1_16' title="bbox 347 1381 2192 1441; baseline -0.002 -10"><span class='ocrx_word' id='word_1_167' title='bbox 347 1404 382 1433; x_wconf 72' lang='grc' dir='ltr'><strong>ιε</strong></span> <span class='ocrx_word' id='word_1_168' title='bbox 402 1385 445 1430; x_wconf 90' lang='lat' dir='ltr'><strong>id</strong></span> <span class='ocrx_word' id='word_1_169' title='bbox 487 1389 553 1429; x_wconf 89' lang='lat' dir='ltr'><strong>est</strong></span> <span class='ocrx_word' id='word_1_170' title='bbox 597 1397 688 1429; x_wconf 91' lang='lat' dir='ltr'><strong>non</strong></span> <span class='ocrx_word' id='word_1_171' title='bbox 730 1384 1006 1429; x_wconf 89' lang='lat' dir='ltr'><strong>diffiniebam</strong></span> <span class='ocrx_word' id='word_1_172' title='bbox 1049 1383 1175 1441; x_wconf 87' lang='lat' dir='ltr'><strong>quasi</strong></span> <span class='ocrx_word' id='word_1_173' title='bbox 1219 1395 1309 1428; x_wconf 91' lang='lat' dir='ltr'><strong>rern</strong></span> <span class='ocrx_word' id='word_1_174' title='bbox 1352 1382 1527 1428; x_wconf 80' lang='lat' dir='ltr'><strong>facilem</strong></span> <span class='ocrx_word' id='word_1_175' title='bbox 1560 1417 1569 1427; x_wconf 92' lang='lat'><strong>.</strong></span> <span class='ocrx_word' id='word_1_176' title='bbox 1603 1381 1772 1427; x_wconf 84' lang='lat' dir='ltr'><strong>Glutire</strong></span> <span class='ocrx_word' id='word_1_177' title='bbox 1813 1381 1971 1427; x_wconf 88' lang='lat' dir='ltr'><strong>dicitur</strong></span> <span class='ocrx_word' id='word_1_178' title='bbox 2007 1384 2192 1440; x_wconf 80' lang='lat' dir='ltr'><strong>accepta</strong></span> 
     </span>
     <span class='ocr_line' id='line_1_17' title="bbox 400 1451 2191 1513; baseline -0.001 -13"><span class='ocrx_word' id='word_1_179' title='bbox 400 1456 475 1513; x_wconf 89' lang='lat' dir='ltr'><strong>qui</strong></span> <span class='ocrx_word' id='word_1_180' title='bbox 493 1468 546 1500; x_wconf 91' lang='lat' dir='ltr'><strong>ea</strong></span> <span class='ocrx_word' id='word_1_181' title='bbox 564 1467 678 1512; x_wconf 91' lang='lat' dir='ltr'><strong>quae</strong></span> <span class='ocrx_word' id='word_1_182' title='bbox 695 1455 928 1499; x_wconf 87' lang='lat' dir='ltr'><strong>meditatur</strong></span> <span class='ocrx_word' id='word_1_183' title='bbox 949 1455 1052 1500; x_wconf 92' lang='lat' dir='ltr'><strong>ilico</strong></span> <span class='ocrx_word' id='word_1_184' title='bbox 1069 1454 1301 1512; x_wconf 88' lang='lat' dir='ltr'><strong>intellegit;</strong></span> <span class='ocrx_word' id='word_1_185' title='bbox 1325 1454 1542 1499; x_wconf 90' lang='lat' dir='ltr'><strong>ruminare</strong></span> <span class='ocrx_word' id='word_1_186' title='bbox 1564 1453 1636 1498; x_wconf 91' lang='lat' dir='ltr'><strong>ille</strong></span> <span class='ocrx_word' id='word_1_187' title='bbox 1653 1453 1810 1499; x_wconf 85' lang='lat' dir='ltr'><strong>dicitur</strong></span> <span class='ocrx_word' id='word_1_188' title='bbox 1829 1453 1907 1511; x_wconf 87' lang='lat' dir='ltr'><strong>qui</strong></span> <span class='ocrx_word' id='word_1_189' title='bbox 1926 1451 2078 1499; x_wconf 90' lang='lat' dir='ltr'><strong>audita</strong></span> <span class='ocrx_word' id='word_1_190' title='bbox 2096 1463 2191 1499; x_wconf 83' lang='lat' dir='ltr'><strong>non</strong></span> 
     </span>
     <span class='ocr_line' id='line_1_18' title="bbox 400 1523 2193 1583; baseline -0.001 -12"><span class='ocrx_word' id='word_1_191' title='bbox 400 1526 650 1583; x_wconf 90' lang='lat' dir='ltr'><strong>intelligens</strong></span> <span class='ocrx_word' id='word_1_192' title='bbox 682 1526 860 1571; x_wconf 90' lang='lat' dir='ltr'><strong>assidue</strong></span> <span class='ocrx_word' id='word_1_193' title='bbox 892 1538 944 1571; x_wconf 90' lang='lat' dir='ltr'><strong>ea</strong></span> <span class='ocrx_word' id='word_1_194' title='bbox 976 1526 1189 1583; x_wconf 86' lang='lat' dir='ltr'><strong>recogitat</strong></span> <span class='ocrx_word' id='word_1_195' title='bbox 1220 1530 1263 1570; x_wconf 92' lang='lat' dir='ltr'><strong>et</strong></span> <span class='ocrx_word' id='word_1_196' title='bbox 1303 1525 1455 1570; x_wconf 90' lang='lat' dir='ltr'><strong>animo</strong></span> <span class='ocrx_word' id='word_1_197' title='bbox 1487 1525 1673 1570; x_wconf 88' lang='lat' dir='ltr'><strong>revolvit</strong></span> <span class='ocrx_word' id='word_1_198' title='bbox 1703 1525 1851 1571; x_wconf 89' lang='lat' dir='ltr'><strong>donec</strong></span> <span class='ocrx_word' id='word_1_199' title='bbox 1881 1524 1939 1570; x_wconf 92' lang='lat' dir='ltr'><strong>ad</strong></span> <span class='ocrx_word' id='word_1_200' title='bbox 1968 1523 2039 1571; x_wconf 85' lang='lat' dir='ltr'><strong>sui</strong></span> <span class='ocrx_word' id='word_1_201' title='bbox 2078 1523 2193 1571; x_wconf 83' lang='lat' dir='ltr'><strong>noti-</strong></span> 
     </span>
     <span class='ocr_line' id='line_1_19' title="bbox 399 1595 2192 1655; baseline 0 -13"><span class='ocrx_word' id='word_1_202' title='bbox 399 1598 502 1643; x_wconf 84' lang='lat' dir='ltr'><strong>tiam</strong></span> <span class='ocrx_word' id='word_1_203' title='bbox 537 1598 806 1654; x_wconf 91' lang='lat' dir='ltr'><strong>perveniant,</strong></span> <span class='ocrx_word' id='word_1_204' title='bbox 838 1597 992 1655; x_wconf 90' lang='lat' dir='ltr'><strong>sicque</strong></span> <span class='ocrx_word' id='word_1_205' title='bbox 1025 1597 1219 1642; x_wconf 89' lang='lat' dir='ltr'><strong>internae</strong></span> <span class='ocrx_word' id='word_1_206' title='bbox 1251 1596 1493 1642; x_wconf 90' lang='lat' dir='ltr'><strong>memoriae</strong></span> <span class='ocrx_word' id='word_1_207' title='bbox 1526 1596 1653 1654; x_wconf 91' lang='lat' dir='ltr'><strong>quasi</strong></span> <span class='ocrx_word' id='word_1_208' title='bbox 1685 1596 1824 1641; x_wconf 90' lang='lat' dir='ltr'><strong>ventri</strong></span> <span class='ocrx_word' id='word_1_209' title='bbox 1855 1595 2118 1642; x_wconf 78' lang='lat' dir='ltr'><strong>transmittit.</strong></span> <span class='ocrx_word' id='word_1_210' title='bbox 2148 1610 2192 1642; x_wconf 73' lang='lat' dir='ltr'><strong>aa</strong></span> 
     </span>
     <span class='ocr_line' id='line_1_20' title="bbox 401 1666 2193 1726; baseline -0.001 -12"><span class='ocrx_word' id='word_1_211' title='bbox 401 1669 713 1726; x_wconf 84' lang='lat' dir='ltr'><strong>Frequentis</strong></span> <span class='ocrx_word' id='word_1_212' title='bbox 736 1681 746 1691; x_wconf 90' lang='lat'><strong>·</strong></span> <span class='ocrx_word' id='word_1_213' title='bbox 770 1669 896 1726; x_wconf 91' lang='lat' dir='ltr'><strong>quasi</strong></span> <span class='ocrx_word' id='word_1_214' title='bbox 930 1669 1148 1713; x_wconf 89' lang='lat' dir='ltr'><strong>mandens</strong></span> <span class='ocrx_word' id='word_1_215' title='bbox 1181 1669 1256 1713; x_wconf 89' lang='lat' dir='ltr'><strong>diu</strong></span> <span class='ocrx_word' id='word_1_216' title='bbox 1288 1668 1546 1713; x_wconf 90' lang='lat' dir='ltr'><strong>meditabar.</strong></span> <span class='ocrx_word' id='word_1_217' title='bbox 1570 1680 1616 1713; x_wconf 95' lang='lat' dir='ltr'><strong>ss</strong></span> <span class='ocrx_word' id='word_1_218' title='bbox 1698 1667 2042 1714; x_wconf 86' lang='lat' dir='ltr'><strong>Ruminabam</strong></span> <span class='ocrx_word' id='word_1_219' title='bbox 2073 1678 2085 1692; x_wconf 92' lang='lat'><strong>·</strong></span> <span class='ocrx_word' id='word_1_220' title='bbox 2116 1666 2193 1714; x_wconf 79' lang='lat' dir='ltr'><strong>eii·</strong></span> 
     </span>
     <span class='ocr_line' id='line_1_21' title="bbox 347 1738 2194 1798; baseline -0.002 -11"><span class='ocrx_word' id='word_1_221' title='bbox 347 1759 384 1788; x_wconf 81' lang='lat'><strong>20</strong></span> <span class='ocrx_word' id='word_1_222' title='bbox 403 1741 596 1798; x_wconf 89' lang='lat' dir='ltr'><strong>quabam</strong></span> <span class='ocrx_word' id='word_1_223' title='bbox 621 1774 630 1785; x_wconf 95' lang='lat'><strong>.</strong></span> <span class='ocrx_word' id='word_1_224' title='bbox 654 1740 830 1785; x_wconf 88' lang='lat' dir='ltr'><strong>Subiit</strong></span> <span class='ocrx_word' id='word_1_225' title='bbox 852 1752 862 1763; x_wconf 91' lang='lat'><strong>·</strong></span> <span class='ocrx_word' id='word_1_226' title='bbox 886 1740 1084 1797; x_wconf 87' lang='lat' dir='ltr'><strong>contigit,</strong></span> <span class='ocrx_word' id='word_1_227' title='bbox 1106 1740 1379 1785; x_wconf 87' lang='lat' dir='ltr'><strong>subintravit.</strong></span> <span class='ocrx_word' id='word_1_228' title='bbox 1401 1756 1443 1784; x_wconf 91' lang='grc'><strong>33</strong></span> <span class='ocrx_word' id='word_1_229' title='bbox 1486 1739 1801 1784; x_wconf 83' lang='lat' dir='ltr'><strong>Inscientiae</strong></span> <span class='ocrx_word' id='word_1_230' title='bbox 1819 1751 1829 1762; x_wconf 93' lang='lat'><strong>·</strong></span> <span class='ocrx_word' id='word_1_231' title='bbox 1847 1738 2194 1797; x_wconf 62' lang='lat' dir='ltr'><strong>ignorantiae„</strong></span> 
     </span>
     <span class='ocr_line' id='line_1_22' title="bbox 403 1810 2194 1870; baseline 0 -14"><span class='ocrx_word' id='word_1_232' title='bbox 403 1812 765 1870; x_wconf 86' lang='lat' dir='ltr'><strong>Impudentiae</strong></span> <span class='ocrx_word' id='word_1_233' title='bbox 803 1824 813 1834; x_wconf 92' lang='lat'><strong>·</strong></span> <span class='ocrx_word' id='word_1_234' title='bbox 852 1812 956 1869; x_wconf 89' lang='lat' dir='ltr'><strong>quia</strong></span> <span class='ocrx_word' id='word_1_235' title='bbox 1003 1811 1286 1869; x_wconf 90' lang='lat' dir='ltr'><strong>impudentes</strong></span> <span class='ocrx_word' id='word_1_236' title='bbox 1333 1811 1521 1856; x_wconf 86' lang='lat' dir='ltr'><strong>fatentur</strong></span> <span class='ocrx_word' id='word_1_237' title='bbox 1570 1823 1620 1856; x_wconf 94' lang='lat' dir='ltr'><strong>se</strong></span> <span class='ocrx_word' id='word_1_238' title='bbox 1670 1811 1782 1856; x_wconf 91' lang='lat' dir='ltr'><strong>scire</strong></span> <span class='ocrx_word' id='word_1_239' title='bbox 1833 1810 1957 1868; x_wconf 90' lang='lat' dir='ltr'><strong>quod</strong></span> <span class='ocrx_word' id='word_1_240' title='bbox 2009 1810 2194 1856; x_wconf 86' lang='lat' dir='ltr'><strong>minime</strong></span> 
     </span>
     <span class='ocr_line' id='line_1_23' title="bbox 402 1881 2193 1940; baseline 0.001 -13"><span class='ocrx_word' id='word_1_241' title='bbox 402 1884 559 1928; x_wconf 91' lang='lat' dir='ltr'><strong>sciunt.</strong></span> <span class='ocrx_word' id='word_1_242' title='bbox 582 1900 623 1927; x_wconf 89' lang='grc'><strong>33</strong></span> <span class='ocrx_word' id='word_1_243' title='bbox 675 1882 957 1929; x_wconf 91' lang='lat' dir='ltr'><strong>Obducere</strong></span> <span class='ocrx_word' id='word_1_244' title='bbox 976 1895 985 1905; x_wconf 93' lang='lat'><strong>·</strong></span> <span class='ocrx_word' id='word_1_245' title='bbox 1004 1883 1197 1940; x_wconf 90' lang='lat' dir='ltr'><strong>palliare,</strong></span> <span class='ocrx_word' id='word_1_246' title='bbox 1219 1882 1378 1927; x_wconf 91' lang='lat' dir='ltr'><strong>velare.</strong></span> <span class='ocrx_word' id='word_1_247' title='bbox 1401 1898 1443 1927; x_wconf 88' lang='grc'><strong>33</strong></span> <span class='ocrx_word' id='word_1_248' title='bbox 1495 1882 1661 1937; x_wconf 89' lang='lat' dir='ltr'><strong>Quasi</strong></span> <span class='ocrx_word' id='word_1_249' title='bbox 1685 1894 1694 1904; x_wconf 93' lang='lat'>·</span> <span class='ocrx_word' id='word_1_250' title='bbox 1718 1882 1778 1927; x_wconf 89' lang='lat' dir='ltr'><strong>lta</strong></span> <span class='ocrx_word' id='word_1_251' title='bbox 1800 1881 2045 1927; x_wconf 88' lang='lat' dir='ltr'><strong>defendunt</strong></span> <span class='ocrx_word' id='word_1_252' title='bbox 2063 1893 2193 1928; x_wconf 85' lang='lat' dir='ltr'><strong>suam</strong></span> 
     </span>
     <span class='ocr_line' id='line_1_24' title="bbox 404 1952 2195 2011; baseline -0.001 -12"><span class='ocrx_word' id='word_1_253' title='bbox 404 1954 711 2011; x_wconf 88' lang='lat' dir='ltr'><strong>ignorantiam.</strong></span> <span class='ocrx_word' id='word_1_254' title='bbox 733 1971 775 1998; x_wconf 90' lang='grc'><strong>33</strong></span> <span class='ocrx_word' id='word_1_255' title='bbox 875 1953 1004 1998; x_wconf 91' lang='lat' dir='ltr'><strong>Dum</strong></span> <span class='ocrx_word' id='word_1_256' title='bbox 1038 1954 1263 2011; x_wconf 87' lang='lat' dir='ltr'><strong>tegitur·</strong></span> <span class='ocrx_word' id='word_1_257' title='bbox 1287 1953 1530 1999; x_wconf 87' lang='lat' dir='ltr'><strong>occultatur</strong></span> <span class='ocrx_word' id='word_1_258' title='bbox 1550 1988 1560 1998; x_wconf 94' lang='lat'><strong>.</strong></span> <span class='ocrx_word' id='word_1_259' title='bbox 1584 1953 1700 1998; x_wconf 91' lang='lat' dir='ltr'><strong>Nam</strong></span> <span class='ocrx_word' id='word_1_260' title='bbox 1733 1953 1895 1998; x_wconf 90' lang='lat' dir='ltr'><strong>vulnus</strong></span> <span class='ocrx_word' id='word_1_261' title='bbox 1924 1956 2088 1999; x_wconf 88' lang='lat' dir='ltr'><strong>tectum</strong></span> <span class='ocrx_word' id='word_1_262' title='bbox 2119 1952 2195 1998; x_wconf 90' lang='lat' dir='ltr'><strong>de-</strong></span> 
     </span>
     <span class='ocr_line' id='line_1_25' title="bbox 402 2024 2194 2083; baseline 0 -13"><span class='ocrx_word' id='word_1_263' title='bbox 402 2026 535 2070; x_wconf 90' lang='lat' dir='ltr'><strong>terius</strong></span> <span class='ocrx_word' id='word_1_264' title='bbox 566 2026 615 2070; x_wconf 93' lang='lat' dir='ltr'><strong>fit</strong></span> <span class='ocrx_word' id='word_1_265' title='bbox 643 2060 652 2070; x_wconf 96' lang='lat'><strong>.</strong></span> <span class='ocrx_word' id='word_1_266' title='bbox 682 2025 797 2070; x_wconf 90' lang='lat' dir='ltr'><strong>Nam</strong></span> <span class='ocrx_word' id='word_1_267' title='bbox 830 2026 867 2070; x_wconf 92' lang='lat' dir='ltr'><strong>si</strong></span> <span class='ocrx_word' id='word_1_268' title='bbox 901 2026 1149 2083; x_wconf 89' lang='lat' dir='ltr'><strong>aperiretur,</strong></span> <span class='ocrx_word' id='word_1_269' title='bbox 1183 2026 1334 2082; x_wconf 89' lang='lat' dir='ltr'><strong>utique</strong></span> <span class='ocrx_word' id='word_1_270' title='bbox 1366 2026 1599 2070; x_wconf 89' lang='lat' dir='ltr'><strong>doctorum</strong></span> <span class='ocrx_word' id='word_1_271' title='bbox 1632 2025 1935 2070; x_wconf 85' lang='lat' dir='ltr'><strong>excluderetur</strong></span> <span class='ocrx_word' id='word_1_272' title='bbox 1963 2024 2194 2083; x_wconf 75' lang='lat' dir='ltr'><strong>indagine3</strong></span> 
     </span>
     <span class='ocr_line' id='line_1_26' title="bbox 347 2094 2195 2155; baseline -0.001 -12"><span class='ocrx_word' id='word_1_273' title='bbox 347 2114 385 2145; x_wconf 80' lang='lat'><strong>25</strong></span> <span class='ocrx_word' id='word_1_274' title='bbox 404 2097 508 2141; x_wconf 90' lang='lat' dir='ltr'><strong>dum</strong></span> <span class='ocrx_word' id='word_1_275' title='bbox 542 2109 651 2153; x_wconf 93' lang='lat' dir='ltr'><strong>ergo</strong></span> <span class='ocrx_word' id='word_1_276' title='bbox 683 2097 890 2154; x_wconf 90' lang='lat' dir='ltr'><strong>operitur,</strong></span> <span class='ocrx_word' id='word_1_277' title='bbox 923 2097 1112 2142; x_wconf 89' lang='lat' dir='ltr'><strong>deterior</strong></span> <span class='ocrx_word' id='word_1_278' title='bbox 1143 2097 1204 2149; x_wconf 85' lang='lat' dir='ltr'><strong>fit,</strong></span> <span class='ocrx_word' id='word_1_279' title='bbox 1238 2097 1341 2154; x_wconf 92' lang='lat' dir='ltr'><strong>quia</strong></span> <span class='ocrx_word' id='word_1_280' title='bbox 1373 2109 1551 2155; x_wconf 90' lang='lat' dir='ltr'><strong>semper</strong></span> <span class='ocrx_word' id='word_1_281' title='bbox 1582 2101 1744 2142; x_wconf 90' lang='lat' dir='ltr'><strong>manet.</strong></span> <span class='ocrx_word' id='word_1_282' title='bbox 1767 2113 1808 2141; x_wconf 87' lang='grc'><strong>33</strong></span> <span class='ocrx_word' id='word_1_283' title='bbox 1875 2095 1951 2142; x_wconf 82' lang='lat' dir='ltr'><strong>Ab</strong></span> <span class='ocrx_word' id='word_1_284' title='bbox 1983 2095 2093 2141; x_wconf 86' lang='lat' dir='ltr'><strong>iilis</strong></span> <span class='ocrx_word' id='word_1_285' title='bbox 2114 2106 2126 2119; x_wconf 92' lang='lat'><strong>·</strong></span> <span class='ocrx_word' id='word_1_286' title='bbox 2148 2094 2195 2141; x_wconf 87' lang='lat' dir='ltr'><strong>id</strong></span> 
     </span>
     <span class='ocr_line' id='line_1_27' title="bbox 403 2164 2196 2226; baseline -0.001 -12"><span class='ocrx_word' id='word_1_287' title='bbox 403 2173 470 2214; x_wconf 91' lang='lat' dir='ltr'><strong>est</strong></span> <span class='ocrx_word' id='word_1_288' title='bbox 501 2169 725 2226; x_wconf 88' lang='lat' dir='ltr'><strong>imperitis.</strong></span> <span class='ocrx_word' id='word_1_289' title='bbox 748 2185 790 2213; x_wconf 88' lang='grc'><strong>33</strong></span> <span class='ocrx_word' id='word_1_290' title='bbox 880 2167 955 2213; x_wconf 81' lang='lat' dir='ltr'><strong>Ad</strong></span> <span class='ocrx_word' id='word_1_291' title='bbox 988 2173 1036 2213; x_wconf 92' lang='lat' dir='ltr'><strong>te</strong></span> <span class='ocrx_word' id='word_1_292' title='bbox 1060 2181 1069 2191; x_wconf 95' lang='lat'><strong>·</strong></span> <span class='ocrx_word' id='word_1_293' title='bbox 1094 2168 1352 2214; x_wconf 87' lang='lat' dir='ltr'><strong>Iohannem.</strong></span> <span class='ocrx_word' id='word_1_294' title='bbox 1375 2186 1416 2213; x_wconf 89' lang='grc'><strong>33</strong></span> <span class='ocrx_word' id='word_1_295' title='bbox 1547 2168 2101 2226; x_wconf 88' lang='lat' dir='ltr'><strong>Quantulumcumque</strong></span> <span class='ocrx_word' id='word_1_296' title='bbox 2123 2178 2134 2190; x_wconf 94' lang='lat'><strong>·</strong></span> <span class='ocrx_word' id='word_1_297' title='bbox 2156 2164 2196 2213; x_wconf 86' lang='lat' dir='ltr'><strong>si</strong></span> 
     </span>
     <span class='ocr_line' id='line_1_28' title="bbox 403 2238 2196 2299; baseline 0.001 -14"><span class='ocrx_word' id='word_1_298' title='bbox 403 2240 588 2285; x_wconf 88' lang='lat' dir='ltr'><strong>alicuius</strong></span> <span class='ocrx_word' id='word_1_299' title='bbox 619 2245 687 2285; x_wconf 94' lang='lat' dir='ltr'><strong>est</strong></span> <span class='ocrx_word' id='word_1_300' title='bbox 727 2241 934 2286; x_wconf 89' lang='lat' dir='ltr'><strong>utilitatis.</strong></span> <span class='ocrx_word' id='word_1_301' title='bbox 956 2257 999 2286; x_wconf 88' lang='grc'><strong>33</strong></span> <span class='ocrx_word' id='word_1_302' title='bbox 1120 2241 1268 2286; x_wconf 88' lang='lat' dir='ltr'><strong>Prius</strong></span> <span class='ocrx_word' id='word_1_303' title='bbox 1302 2252 1311 2263; x_wconf 89' lang='lat'><strong>·</strong></span> <span class='ocrx_word' id='word_1_304' title='bbox 1344 2242 1466 2299; x_wconf 91' lang='lat' dir='ltr'><strong>prius</strong></span> <span class='ocrx_word' id='word_1_305' title='bbox 1505 2241 1674 2286; x_wconf 90' lang='lat' dir='ltr'><strong>scilicet</strong></span> <span class='ocrx_word' id='word_1_306' title='bbox 1713 2245 1951 2299; x_wconf 88' lang='lat' dir='ltr'><strong>antequam</strong></span> <span class='ocrx_word' id='word_1_307' title='bbox 1983 2238 2196 2287; x_wconf 81' lang='lat' dir='ltr'><strong>simacho</strong></span> 
     </span>
     <span class='ocr_line' id='line_1_29' title="bbox 405 2311 2196 2372; baseline 0.001 -16"><span class='ocrx_word' id='word_1_308' title='bbox 405 2311 571 2356; x_wconf 91' lang='lat' dir='ltr'><strong>mittam</strong></span> <span class='ocrx_word' id='word_1_309' title='bbox 604 2346 614 2357; x_wconf 93' lang='lat'><strong>.</strong></span> <span class='ocrx_word' id='word_1_310' title='bbox 646 2311 762 2357; x_wconf 90' lang='lat' dir='ltr'><strong>Nam</strong></span> <span class='ocrx_word' id='word_1_311' title='bbox 796 2317 839 2357; x_wconf 94' lang='lat' dir='ltr'><strong>et</strong></span> <span class='ocrx_word' id='word_1_312' title='bbox 870 2313 988 2358; x_wconf 88' lang='lat' dir='ltr'><strong>hunc</strong></span> <span class='ocrx_word' id='word_1_313' title='bbox 1020 2317 1124 2370; x_wconf 94' lang='lat' dir='ltr'><strong>post</strong></span> <span class='ocrx_word' id='word_1_314' title='bbox 1155 2312 1274 2357; x_wconf 89' lang='lat' dir='ltr'><strong>misit</strong></span> <span class='ocrx_word' id='word_1_315' title='bbox 1306 2312 1365 2357; x_wconf 91' lang='lat' dir='ltr'><strong>illi</strong></span> <span class='ocrx_word' id='word_1_316' title='bbox 1398 2312 1611 2358; x_wconf 91' lang='lat' dir='ltr'><strong>libellum.</strong></span> <span class='ocrx_word' id='word_1_317' title='bbox 1634 2329 1676 2358; x_wconf 89' lang='grc'><strong>33</strong></span> <span class='ocrx_word' id='word_1_318' title='bbox 1767 2311 1832 2357; x_wconf 88' lang='lat' dir='ltr'><strong>Se</strong></span> <span class='ocrx_word' id='word_1_319' title='bbox 1865 2311 2057 2357; x_wconf 87' lang='lat' dir='ltr'><strong>habere</strong></span> <span class='ocrx_word' id='word_1_320' title='bbox 2078 2322 2090 2372; x_wconf 71' lang='grc' dir='ltr'><strong><em>ζ</em></strong></span> <span class='ocrx_word' id='word_1_321' title='bbox 2112 2322 2196 2370; x_wconf 83' lang='lat' dir='ltr'><strong>pro</strong></span> 
     </span>
     <span class='ocr_line' id='line_1_30' title="bbox 404 2381 2193 2437; baseline 0.001 -10"><span class='ocrx_word' id='word_1_322' title='bbox 404 2395 517 2428; x_wconf 89' lang='lat' dir='ltr'><strong>esse.</strong></span> <span class='ocrx_word' id='word_1_323' title='bbox 538 2399 581 2427; x_wconf 88' lang='grc'><strong>33</strong></span> <span class='ocrx_word' id='word_1_324' title='bbox 654 2383 856 2428; x_wconf 84' lang='lat' dir='ltr'><strong>Inseras</strong></span> <span class='ocrx_word' id='word_1_325' title='bbox 879 2396 889 2406; x_wconf 92' lang='lat'><strong>·</strong></span> <span class='ocrx_word' id='word_1_326' title='bbox 913 2384 1140 2429; x_wconf 88' lang='lat' dir='ltr'><strong>inscribas.</strong></span> <span class='ocrx_word' id='word_1_327' title='bbox 1162 2400 1204 2429; x_wconf 86' lang='grc'><strong>33</strong></span> <span class='ocrx_word' id='word_1_328' title='bbox 1278 2383 1447 2429; x_wconf 89' lang='lat' dir='ltr'><strong>Cartis</strong></span> <span class='ocrx_word' id='word_1_329' title='bbox 1471 2396 1480 2406; x_wconf 94' lang='lat'><strong>·</strong></span> <span class='ocrx_word' id='word_1_330' title='bbox 1505 2384 1549 2429; x_wconf 92' lang='lat' dir='ltr'><strong>id</strong></span> <span class='ocrx_word' id='word_1_331' title='bbox 1582 2388 1649 2429; x_wconf 89' lang='lat' dir='ltr'><strong>est</strong></span> <span class='ocrx_word' id='word_1_332' title='bbox 1687 2383 1830 2437; x_wconf 88' lang='lat' dir='ltr'><strong>libris;</strong></span> <span class='ocrx_word' id='word_1_333' title='bbox 1862 2381 2003 2428; x_wconf 85' lang='lat' dir='ltr'><strong>‘meis&#39;</strong></span> <span class='ocrx_word' id='word_1_334' title='bbox 2043 2381 2161 2429; x_wconf 87' lang='lat' dir='ltr'><strong>adde</strong></span> <span class='ocrx_word' id='word_1_335' title='bbox 2182 2415 2193 2430; x_wconf 89' lang='lat'><strong>.</strong></span> 
     </span>
     <span class='ocr_line' id='line_1_31' title="bbox 348 2453 2197 2513; baseline 0.001 -14"><span class='ocrx_word' id='word_1_336' title='bbox 348 2453 583 2511; x_wconf 77' lang='lat' dir='ltr'><strong>aoAntiqui</strong></span> <span class='ocrx_word' id='word_1_337' title='bbox 615 2454 734 2499; x_wconf 92' lang='lat' dir='ltr'><strong>enim</strong></span> <span class='ocrx_word' id='word_1_338' title='bbox 768 2455 958 2513; x_wconf 90' lang='lat' dir='ltr'><strong>primum</strong></span> <span class='ocrx_word' id='word_1_339' title='bbox 992 2456 1036 2500; x_wconf 92' lang='lat' dir='ltr'><strong>in</strong></span> <span class='ocrx_word' id='word_1_340' title='bbox 1069 2455 1196 2500; x_wconf 90' lang='lat' dir='ltr'><strong>cartis</strong></span> <span class='ocrx_word' id='word_1_341' title='bbox 1227 2455 1480 2500; x_wconf 91' lang='lat' dir='ltr'><strong>scribebant</strong></span> <span class='ocrx_word' id='word_1_342' title='bbox 1510 2455 1662 2509; x_wconf 93' lang='lat' dir='ltr'><strong>libros,</strong></span> <span class='ocrx_word' id='word_1_343' title='bbox 1701 2457 1859 2513; x_wconf 86' lang='lat' dir='ltr'><strong>postea</strong></span> <span class='ocrx_word' id='word_1_344' title='bbox 1890 2454 1993 2500; x_wconf 88' lang='lat' dir='ltr'><strong>iilos</strong></span> <span class='ocrx_word' id='word_1_345' title='bbox 2022 2453 2197 2500; x_wconf 88' lang='lat' dir='ltr'><strong>ordina·</strong></span> 
     </span>
     <span class='ocr_line' id='line_1_32' title="bbox 403 2524 2352 2584; baseline 0 -14"><span class='ocrx_word' id='word_1_346' title='bbox 403 2525 484 2570; x_wconf 90' lang='lat' dir='ltr'><strong>turi</strong></span> <span class='ocrx_word' id='word_1_347' title='bbox 517 2530 560 2570; x_wconf 90' lang='lat' dir='ltr'><strong>et</strong></span> <span class='ocrx_word' id='word_1_348' title='bbox 590 2526 800 2583; x_wconf 92' lang='lat' dir='ltr'><strong>digesturi</strong></span> <span class='ocrx_word' id='word_1_349' title='bbox 834 2527 878 2571; x_wconf 90' lang='lat' dir='ltr'><strong>in</strong></span> <span class='ocrx_word' id='word_1_350' title='bbox 911 2527 1156 2572; x_wconf 92' lang='lat' dir='ltr'><strong>codicibus.</strong></span> <span class='ocrx_word' id='word_1_351' title='bbox 1179 2543 1221 2572; x_wconf 90' lang='grc'><strong>33</strong></span> <span class='ocrx_word' id='word_1_352' title='bbox 1342 2526 1434 2572; x_wconf 87' lang='lat' dir='ltr'><strong>Sin</strong></span> <span class='ocrx_word' id='word_1_353' title='bbox 1476 2538 1600 2572; x_wconf 89' lang='lat' dir='ltr'><strong>vero</strong></span> <span class='ocrx_word' id='word_1_354' title='bbox 1633 2538 1644 2550; x_wconf 94' lang='lat'><strong>·</strong></span> <span class='ocrx_word' id='word_1_355' title='bbox 1676 2526 1783 2572; x_wconf 90' lang='lat' dir='ltr'><strong>Non</strong></span> <span class='ocrx_word' id='word_1_356' title='bbox 1816 2526 1940 2584; x_wconf 91' lang='lat' dir='ltr'><strong>quod</strong></span> <span class='ocrx_word' id='word_1_357' title='bbox 1980 2525 2112 2584; x_wconf 84' lang='lat' dir='ltr'><strong>igitur</strong></span> <span class='ocrx_word' id='word_1_358' title='bbox 2138 2524 2198 2571; x_wconf 86' lang='lat' dir='ltr'><strong>sit</strong></span> <span class='ocrx_word' id='word_1_359' title='bbox 2347 2524 2352 2570; x_wconf 49' lang='lat'><strong>¹.</strong></span> 
     </span>
     <span class='ocr_line' id='line_1_33' title="bbox 403 2596 2196 2656; baseline 0.001 -15"><span class='ocrx_word' id='word_1_360' title='bbox 403 2596 594 2642; x_wconf 89' lang='lat' dir='ltr'><strong>veritatis</strong></span> <span class='ocrx_word' id='word_1_361' title='bbox 626 2598 713 2642; x_wconf 87' lang='lat' dir='ltr'><strong>hoc</strong></span> <span class='ocrx_word' id='word_1_362' title='bbox 743 2597 949 2655; x_wconf 89' lang='lat' dir='ltr'><strong>loquitur,</strong></span> <span class='ocrx_word' id='word_1_363' title='bbox 982 2599 1062 2643; x_wconf 91' lang='lat' dir='ltr'><strong>sed</strong></span> <span class='ocrx_word' id='word_1_364' title='bbox 1095 2598 1199 2643; x_wconf 91' lang='lat' dir='ltr'><strong>ideo</strong></span> <span class='ocrx_word' id='word_1_365' title='bbox 1232 2599 1336 2656; x_wconf 91' lang='lat' dir='ltr'><strong>quia</strong></span> <span class='ocrx_word' id='word_1_366' title='bbox 1358 2598 1452 2644; x_wconf 91' lang='lat' dir='ltr'><strong>viro</strong></span> <span class='ocrx_word' id='word_1_367' title='bbox 1484 2598 1673 2656; x_wconf 90' lang='lat' dir='ltr'><strong>sapienti</strong></span> <span class='ocrx_word' id='word_1_368' title='bbox 1704 2610 1754 2643; x_wconf 91' lang='lat' dir='ltr'><strong>se</strong></span> <span class='ocrx_word' id='word_1_369' title='bbox 1776 2597 1977 2644; x_wconf 91' lang='lat' dir='ltr'><strong>meminit</strong></span> <span class='ocrx_word' id='word_1_370' title='bbox 2005 2596 2196 2644; x_wconf 82' lang='lat' dir='ltr'><strong>scribere</strong></span> 
     </span>
     <span class='ocr_line' id='line_1_34' title="bbox 404 2667 2197 2725; baseline 0.001 -13"><span class='ocrx_word' id='word_1_371' title='bbox 404 2667 570 2725; x_wconf 91' lang='lat' dir='ltr'><strong>ingenii</strong></span> <span class='ocrx_word' id='word_1_372' title='bbox 602 2667 670 2712; x_wconf 91' lang='lat' dir='ltr'><strong>sui</strong></span> <span class='ocrx_word' id='word_1_373' title='bbox 703 2668 903 2713; x_wconf 91' lang='lat' dir='ltr'><strong>meritum</strong></span> <span class='ocrx_word' id='word_1_374' title='bbox 937 2674 1153 2715; x_wconf 86' lang='lat' dir='ltr'><strong>extenuat.</strong></span> <span class='ocrx_word' id='word_1_375' title='bbox 1176 2686 1218 2714; x_wconf 87' lang='grc'><strong>33</strong></span> <span class='ocrx_word' id='word_1_376' title='bbox 1344 2669 1687 2715; x_wconf 87' lang='lat' dir='ltr'><strong>Minuendum</strong></span> <span class='ocrx_word' id='word_1_377' title='bbox 1721 2682 1730 2692; x_wconf 94' lang='lat'><strong>·</strong></span> <span class='ocrx_word' id='word_1_378' title='bbox 1766 2669 1848 2715; x_wconf 82' lang='lat' dir='ltr'><strong>His</strong></span> <span class='ocrx_word' id='word_1_379' title='bbox 1877 2669 2016 2715; x_wconf 85' lang='lat' dir='ltr'><strong>tribus</strong></span> <span class='ocrx_word' id='word_1_380' title='bbox 2046 2667 2197 2715; x_wconf 77' lang='lat' dir='ltr'><strong>modis</strong></span> 
     </span>
     <span class='ocr_line' id='line_1_35' title="bbox 405 2738 2197 2798; baseline 0.002 -16"><span class='ocrx_word' id='word_1_381' title='bbox 405 2738 643 2783; x_wconf 91' lang='lat' dir='ltr'><strong>scribendo</strong></span> <span class='ocrx_word' id='word_1_382' title='bbox 675 2750 927 2796; x_wconf 89' lang='lat' dir='ltr'><strong>peccamus,</strong></span> <span class='ocrx_word' id='word_1_383' title='bbox 961 2752 1061 2785; x_wconf 92' lang='lat' dir='ltr'><strong>cum</strong></span> <span class='ocrx_word' id='word_1_384' title='bbox 1085 2741 1155 2785; x_wconf 93' lang='lat' dir='ltr'><strong>vel</strong></span> <span class='ocrx_word' id='word_1_385' title='bbox 1189 2741 1290 2798; x_wconf 90' lang='lat' dir='ltr'><strong>plus</strong></span> <span class='ocrx_word' id='word_1_386' title='bbox 1311 2741 1381 2786; x_wconf 87' lang='lat' dir='ltr'><strong>vel</strong></span> <span class='ocrx_word' id='word_1_387' title='bbox 1411 2741 1558 2786; x_wconf 91' lang='lat' dir='ltr'><strong>minus</strong></span> <span class='ocrx_word' id='word_1_388' title='bbox 1581 2740 1771 2785; x_wconf 89' lang='lat' dir='ltr'><strong>dicimus</strong></span> <span class='ocrx_word' id='word_1_389' title='bbox 1793 2752 1927 2797; x_wconf 89' lang='lat' dir='ltr'><strong>quam</strong></span> <span class='ocrx_word' id='word_1_390' title='bbox 1950 2739 2197 2786; x_wconf 85' lang='lat' dir='ltr'><strong>debeamus</strong></span> 
     </span>
     <span class='ocr_line' id='line_1_36' title="bbox 348 2808 2197 2867; baseline 0.001 -13"><span class='ocrx_word' id='word_1_391' title='bbox 348 2808 474 2859; x_wconf 59' lang='lat' dir='ltr'><strong>„vel</strong></span> <span class='ocrx_word' id='word_1_392' title='bbox 528 2820 629 2855; x_wconf 90' lang='lat' dir='ltr'><strong>cum</strong></span> <span class='ocrx_word' id='word_1_393' title='bbox 682 2809 789 2854; x_wconf 90' lang='lat' dir='ltr'><strong>illud</strong></span> <span class='ocrx_word' id='word_1_394' title='bbox 844 2810 966 2867; x_wconf 90' lang='lat' dir='ltr'><strong>quod</strong></span> <span class='ocrx_word' id='word_1_395' title='bbox 1019 2811 1209 2856; x_wconf 90' lang='lat' dir='ltr'><strong>dicimus</strong></span> <span class='ocrx_word' id='word_1_396' title='bbox 1261 2823 1352 2857; x_wconf 93' lang='lat' dir='ltr'><strong>non</strong></span> <span class='ocrx_word' id='word_1_397' title='bbox 1401 2816 1516 2857; x_wconf 91' lang='lat' dir='ltr'><strong>recte</strong></span> <span class='ocrx_word' id='word_1_398' title='bbox 1568 2811 1757 2857; x_wconf 90' lang='lat' dir='ltr'><strong>dicimus</strong></span> <span class='ocrx_word' id='word_1_399' title='bbox 1809 2815 1853 2856; x_wconf 90' lang='lat' dir='ltr'><strong>et</strong></span> <span class='ocrx_word' id='word_1_400' title='bbox 1902 2809 2011 2855; x_wconf 89' lang='lat' dir='ltr'><strong>illud</strong></span> <span class='ocrx_word' id='word_1_401' title='bbox 2060 2813 2197 2856; x_wconf 86' lang='lat' dir='ltr'><strong>trans·</strong></span> 
     </span>
    </p>
   </div>
   <div class='ocr_carea' id='block_1_3' title="bbox 409 2895 690 2901">
    <p class='ocr_par' dir='ltr' id='par_1_4' title="bbox 409 2895 690 2901">
     <span class='ocr_line' id='line_1_37' title="bbox 409 2895 690 2901; baseline 0 0"><span class='ocrx_word' id='word_1_402' title='bbox 409 2895 690 2901; x_wconf 95' lang='lat' dir='ltr'><strong> </strong></span> 
     </span>
    </p>
   </div>
   <div class='ocr_carea' id='block_1_4' title="bbox 404 2938 2200 3227">
    <p class='ocr_par' dir='ltr' id='par_1_5' title="bbox 404 2938 2200 3227">
     <span class='ocr_line' id='line_1_38' title="bbox 547 2938 2199 2989; baseline 0.001 -13"><span class='ocrx_word' id='word_1_403' title='bbox 547 2939 571 2977; x_wconf 85' lang='lat'>2</span> <span class='ocrx_word' id='word_1_404' title='bbox 609 2943 644 2977; x_wconf 88' lang='lat' dir='ltr'><strong>et</strong></span> <span class='ocrx_word' id='word_1_405' title='bbox 680 2940 889 2988; x_wconf 84' lang='lat' dir='ltr'><strong>explanaret</strong></span> <span class='ocrx_word' id='word_1_406' title='bbox 926 2949 998 2978; x_wconf 82' lang='lat' dir='ltr'><strong>om.</strong></span> <span class='ocrx_word' id='word_1_407' title='bbox 1039 2940 1076 2979; x_wconf 88' lang='lat' dir='ltr'><em>U</em></span> <span class='ocrx_word' id='word_1_408' title='bbox 1266 2952 1352 2979; x_wconf 79' lang='lat' dir='ltr'><strong>zum</strong></span> <span class='ocrx_word' id='word_1_409' title='bbox 1388 2942 1539 2979; x_wconf 80' lang='lat' dir='ltr'><strong>Lemma</strong></span> <span class='ocrx_word' id='word_1_410' title='bbox 1576 2941 1799 2979; x_wconf 76' lang='lat' dir='ltr'><strong>Assederam</strong></span> <span class='ocrx_word' id='word_1_411' title='bbox 1834 2941 1911 2989; x_wconf 66' lang='grc' dir='ltr'><strong>νει,</strong></span> <span class='ocrx_word' id='word_1_412' title='bbox 1946 2940 2044 2979; x_wconf 69' lang='lat' dir='ltr'><strong>oben</strong></span> <span class='ocrx_word' id='word_1_413' title='bbox 2081 2938 2122 2979; x_wconf 87' lang='lat' dir='ltr'><strong>S.</strong></span> <span class='ocrx_word' id='word_1_414' title='bbox 2148 2939 2199 2979; x_wconf 68' lang='grc' dir='ltr'>ω</span> 
     </span>
     <span class='ocr_line' id='line_1_39' title="bbox 404 2998 2197 3049; baseline 0.001 -13"><span class='ocrx_word' id='word_1_415' title='bbox 404 2998 430 3036; x_wconf 86' lang='grc'><strong>6</strong></span> <span class='ocrx_word' id='word_1_416' title='bbox 453 3000 544 3046; x_wconf 83' lang='lat' dir='ltr'><strong>parti</strong></span> <span class='ocrx_word' id='word_1_417' title='bbox 571 3001 698 3047; x_wconf 79' lang='lat' dir='ltr'><strong>potius</strong></span> <span class='ocrx_word' id='word_1_418' title='bbox 725 2998 762 3038; x_wconf 94' lang='lat' dir='ltr'><em>U</em></span> <span class='ocrx_word' id='word_1_419' title='bbox 884 2999 909 3037; x_wconf 88' lang='grc'>9</span> <span class='ocrx_word' id='word_1_420' title='bbox 933 3010 1160 3049; x_wconf 85' lang='lat' dir='ltr'><strong>cognoscere</strong></span> <span class='ocrx_word' id='word_1_421' title='bbox 1188 3000 1225 3039; x_wconf 88' lang='lat' dir='ltr'><em>U</em></span> <span class='ocrx_word' id='word_1_422' title='bbox 1355 3002 1398 3039; x_wconf 86' lang='lat'><strong>12</strong></span> <span class='ocrx_word' id='word_1_423' title='bbox 1424 3012 1507 3038; x_wconf 89' lang='lat' dir='ltr'><strong>cum</strong></span> <span class='ocrx_word' id='word_1_424' title='bbox 1532 3002 1674 3038; x_wconf 84' lang='lat' dir='ltr'><strong>tristitia</strong></span> <span class='ocrx_word' id='word_1_425' title='bbox 1700 3011 1773 3038; x_wconf 83' lang='lat' dir='ltr'><strong>om.</strong></span> <span class='ocrx_word' id='word_1_426' title='bbox 1793 3000 1831 3039; x_wconf 97' lang='lat' dir='ltr'><em>U</em></span> <span class='ocrx_word' id='word_1_427' title='bbox 1956 3000 2000 3037; x_wconf 83' lang='lat'><strong>1⁴</strong></span> <span class='ocrx_word' id='word_1_428' title='bbox 2024 2999 2197 3038; x_wconf 75' lang='lat' dir='ltr'><strong>Dehine</strong></span> 
     </span>
     <span class='ocr_line' id='line_1_40' title="bbox 405 3057 2197 3109; baseline 0.001 -14"><span class='ocrx_word' id='word_1_429' title='bbox 405 3057 488 3105; x_wconf 62' lang='grc' dir='ltr'><strong>θέε]</strong></span> <span class='ocrx_word' id='word_1_430' title='bbox 514 3067 587 3096; x_wconf 82' lang='lat' dir='ltr'><strong>om.</strong></span> <span class='ocrx_word' id='word_1_431' title='bbox 609 3058 647 3097; x_wconf 96' lang='lat' dir='ltr'><em>U</em></span> <span class='ocrx_word' id='word_1_432' title='bbox 756 3058 800 3096; x_wconf 86' lang='lat'><strong>19</strong></span> <span class='ocrx_word' id='word_1_433' title='bbox 826 3059 1005 3097; x_wconf 83' lang='lat' dir='ltr'><strong>mandens</strong></span> <span class='ocrx_word' id='word_1_434' title='bbox 1031 3061 1258 3098; x_wconf 85' lang='lat' dir='ltr'><strong>ruminabam</strong></span> <span class='ocrx_word' id='word_1_435' title='bbox 1287 3061 1324 3099; x_wconf 95' lang='lat' dir='ltr'><em>U</em></span> <span class='ocrx_word' id='word_1_436' title='bbox 1438 3061 1485 3098; x_wconf 83' lang='lat'><strong>20</strong></span> <span class='ocrx_word' id='word_1_437' title='bbox 1511 3062 1663 3109; x_wconf 86' lang='lat' dir='ltr'><strong>contigit</strong></span> <span class='ocrx_word' id='word_1_438' title='bbox 1688 3070 1761 3098; x_wconf 87' lang='lat' dir='ltr'><strong>om.</strong></span> <span class='ocrx_word' id='word_1_439' title='bbox 1790 3059 1827 3099; x_wconf 92' lang='lat' dir='ltr'><em>U</em></span> <span class='ocrx_word' id='word_1_440' title='bbox 1918 3058 2197 3097; x_wconf 73' lang='lat' dir='ltr'><strong>Inscientlae</strong></span> 
     </span>
     <span class='ocr_line' id='line_1_41' title="bbox 405 3115 2200 3167; baseline 0.002 -13"><span class='ocrx_word' id='word_1_441' title='bbox 405 3115 489 3164; x_wconf 63' lang='lat' dir='ltr'><strong>ete}</strong></span> <span class='ocrx_word' id='word_1_442' title='bbox 514 3126 589 3155; x_wconf 78' lang='lat' dir='ltr'><strong>om.</strong></span> <span class='ocrx_word' id='word_1_443' title='bbox 609 3117 646 3157; x_wconf 96' lang='lat' dir='ltr'><em>U</em></span> <span class='ocrx_word' id='word_1_444' title='bbox 768 3118 815 3156; x_wconf 86' lang='lat'><strong>22</strong></span> <span class='ocrx_word' id='word_1_445' title='bbox 840 3119 990 3167; x_wconf 85' lang='lat' dir='ltr'><strong>palliare</strong></span> <span class='ocrx_word' id='word_1_446' title='bbox 1015 3129 1089 3157; x_wconf 84' lang='lat' dir='ltr'><strong>om.</strong></span> <span class='ocrx_word' id='word_1_447' title='bbox 1110 3119 1147 3158; x_wconf 96' lang='lat' dir='ltr'><em>U</em></span> <span class='ocrx_word' id='word_1_448' title='bbox 1288 3120 1335 3158; x_wconf 85' lang='grc'><strong>23</strong></span> <span class='ocrx_word' id='word_1_449' title='bbox 1360 3122 1560 3158; x_wconf 84' lang='lat' dir='ltr'><strong>occultatur</strong></span> <span class='ocrx_word' id='word_1_450' title='bbox 1586 3130 1659 3158; x_wconf 83' lang='lat' dir='ltr'><strong>om.</strong></span> <span class='ocrx_word' id='word_1_451' title='bbox 1681 3119 1718 3158; x_wconf 95' lang='lat' dir='ltr'><em>U</em></span> <span class='ocrx_word' id='word_1_452' title='bbox 1835 3120 1883 3157; x_wconf 84' lang='lat'><strong>26</strong></span> <span class='ocrx_word' id='word_1_453' title='bbox 1908 3118 2136 3165; x_wconf 74' lang='lat' dir='ltr'><strong>Quantum</strong></span> <span class='ocrx_word' id='word_1_454' title='bbox 2165 3116 2200 3158; x_wconf 87' lang='lat' dir='ltr'><em>C</em></span> 
     </span>
     <span class='ocr_line' id='line_1_42' title="bbox 406 3174 2059 3227; baseline 0.003 -14"><span class='ocrx_word' id='word_1_455' title='bbox 406 3174 454 3213; x_wconf 83' lang='grc'><strong>29</strong></span> <span class='ocrx_word' id='word_1_456' title='bbox 478 3175 655 3215; x_wconf 78' lang='lat' dir='ltr'><strong>inseras</strong></span> <span class='ocrx_word' id='word_1_457' title='bbox 679 3177 763 3225; x_wconf 60' lang='lat' dir='ltr'><strong>eun]</strong></span> <span class='ocrx_word' id='word_1_458' title='bbox 788 3187 861 3215; x_wconf 86' lang='lat' dir='ltr'><strong>om.</strong></span> <span class='ocrx_word' id='word_1_459' title='bbox 882 3178 920 3217; x_wconf 95' lang='lat' dir='ltr'><em>U</em></span> <span class='ocrx_word' id='word_1_460' title='bbox 1016 3178 1075 3216; x_wconf 82' lang='lat'><strong>31.</strong></span> <span class='ocrx_word' id='word_1_461' title='bbox 1094 3178 1142 3216; x_wconf 76' lang='lat'><strong>32</strong></span> <span class='ocrx_word' id='word_1_462' title='bbox 1168 3189 1242 3217; x_wconf 90' lang='lat' dir='ltr'><strong>non</strong></span> <span class='ocrx_word' id='word_1_463' title='bbox 1269 3181 1372 3227; x_wconf 89' lang='lat' dir='ltr'><strong>quod</strong></span> <span class='ocrx_word' id='word_1_464' title='bbox 1398 3181 1469 3216; x_wconf 85' lang='lat' dir='ltr'><strong>hoc</strong></span> <span class='ocrx_word' id='word_1_465' title='bbox 1495 3189 1591 3226; x_wconf 82' lang='lat' dir='ltr'><strong>opus</strong></span> <span class='ocrx_word' id='word_1_466' title='bbox 1617 3181 1663 3216; x_wconf 79' lang='lat' dir='ltr'><strong>sit</strong></span> <span class='ocrx_word' id='word_1_467' title='bbox 1689 3180 1778 3216; x_wconf 82' lang='lat' dir='ltr'><strong>dicit</strong></span> <span class='ocrx_word' id='word_1_468' title='bbox 1804 3179 1902 3216; x_wconf 85' lang='lat' dir='ltr'><strong>istud</strong></span> <span class='ocrx_word' id='word_1_469' title='bbox 1926 3178 1995 3216; x_wconf 78' lang='lat' dir='ltr'><strong>sed</strong></span> <span class='ocrx_word' id='word_1_470' title='bbox 2020 3177 2059 3218; x_wconf 90' lang='lat' dir='ltr'><em>U</em></span> 
     </span>
    </p>
   </div>
   <div class='ocr_carea' id='block_1_5' title="bbox 2292 2634 2352 3568">
    <p class='ocr_par' dir='ltr' id='par_1_6' title="bbox 2292 2634 2352 3568">
     <span class='ocr_line' id='line_1_43' title="bbox 2292 2634 2352 3568; baseline 0 0"><span class='ocrx_word' id='word_1_471' title='bbox 2292 2634 2352 3568; x_wconf 95' lang='lat' dir='ltr'><strong> </strong></span> 
     </span>
    </p>
   </div>
  </div>
 </body>
</html>
