2352 3568
403 255 461 301 38
833 224 835 226 ’
1187 246 1418 291 areauna,

191 397 223 427 ¹>-
240 396 346 431 1⁶m¹
405 385 572 432 CXVIII
596 384 763 442 Expos.
788 383 923 436 19,ae
939 382 1074 440 sqq.):
1108 381 1151 425 id
1174 384 1241 424 est
1262 379 1337 436 qui
1361 378 1449 423 deo
1472 377 1711 423 adhaerent
1731 389 1811 436 per
1831 377 2115 432 intellectum,
2143 378 2189 424 id

402 463 469 503 est
505 456 715 502 omnibus
742 455 1030 512 sapientibus,
1066 452 1141 510 qui
1179 462 1279 496 esse
1308 450 1472 494 habent
1500 460 1580 507 per
1606 448 1885 507 sapientiam,
1913 449 2043 507 quasi
2070 449 2189 495 stulti

403 528 510 574 nihil
541 528 660 573 sint.
686 526 868 581 Quanto
897 526 1015 570 enim
1038 524 1139 581 quis
1171 521 1413 580 proximior
1433 520 1482 565 fit
1511 520 1615 574 deo,
1645 524 1770 566 tanto
1801 521 1947 579 magis
1976 521 2191 580 intellegit

402 611 552 645 verum
586 599 656 643 dei
689 610 787 643 esse
822 609 874 642 ex
906 608 998 654 quo
1030 595 1161 640 habet
1193 605 1293 638 esse
1316 627 1326 637 .
1350 591 1404 637 Et
1435 592 1559 637 alibi:
1605 603 1765 638 omnes
1805 596 1963 650 gentes
1992 592 2059 639 sic
2087 596 2192 638 sunt

366 683 549 716 scoram
586 671 673 715 deo
707 670 832 727 quasi
867 680 958 713 non
995 668 1082 712 sint
1112 701 1121 711 .
1152 665 1198 711 Si
1231 665 1349 709 enim
1382 664 1552 710 idolum
1584 664 1691 710 nihil
1720 668 1800 719 est,
1831 676 1940 722 ergo
1962 663 2039 722 qui
2069 663 2191 710 idola

404 742 554 787 colunt
575 741 681 786 nihil
703 746 805 785 sunt
831 774 841 785 .
869 739 1075 784 Similiter
1095 738 1132 782 si
1166 741 1397 795 peccatum
1421 735 1529 781 nihil
1551 740 1631 790 est,
1664 748 1773 794 ergo
1795 736 1871 794 qui
1894 735 2003 781 illud
2023 734 2191 781 faciunt

404 813 509 857 nihil
524 817 638 857 sunt.
653 824 696 855 33
727 811 988 867 Imagines
1002 821 1012 832 ·
1030 809 1183 865 Imago
1200 807 1445 852 similitudo
1463 819 1580 865 quae
1595 807 1775 853 aliunde
1791 807 2024 854 deducitur
2036 841 2047 853 .
2060 805 2191 853 Verbi

401 884 537 940 gratia
569 895 622 929 ex
653 882 785 939 sigilli
817 882 958 926 forma
990 881 1142 937 imago
1175 880 1219 924 in
1253 891 1351 924 cera
1382 883 1731 937 repraesentatur
1751 890 1973 937 expressa.
1995 891 2040 923 33
2097 877 2190 924 As·

402 954 696 999 similantur
726 964 736 975 ·
768 965 804 997 s.
836 953 944 997 istae
976 952 1145 997 formae
1179 950 1446 1009 corporales.
1468 963 1513 994 33
1633 949 1782 1006 Quae
1826 962 1931 996 non
1973 954 2096 996 sunt
2139 949 2190 995 in

352 1041 384 1070 ιο
403 1026 614 1071 materia
647 1024 967 1069 constitutae
990 1035 1000 1046 ·
1025 1024 1108 1068 hae
1140 1027 1243 1067 sunt
1274 1027 1490 1068 aeternae.
1514 1034 1558 1066 33
1678 1022 1731 1067 In
1772 1034 1836 1067 eo
1868 1034 1879 1045 ·
1911 1021 1958 1067 id
1987 1026 2056 1067 εἰ
2086 1021 2190 1076 deo,

402 1098 504 1154 quia
536 1109 672 1141 unum
706 1099 784 1141 est.
806 1108 849 1139 33
947 1094 1239 1140 Diversitas
1262 1106 1272 1116 ·
1309 1094 1412 1151 quia
1444 1094 1615 1140 nullum
1648 1094 1871 1139 accidens.
1932 1092 2191 1139 Accidentia

402 1169 519 1213 enim
552 1168 716 1212 faciunt
746 1166 1033 1212 diversitates,
1055 1178 1099 1209 33
1171 1165 1330 1211 Nulla
1362 1165 1641 1223 pluralitas
1667 1177 1678 1188 ·
1700 1165 1781 1210 sed
1813 1169 1983 1210 tantum
2013 1175 2191 1211 summa

401 1239 673 1296 simplicitas,
694 1251 739 1283 33
829 1238 900 1283 Ex
932 1237 1301 1283 accidentibus
1324 1249 1335 1260 ·
1359 1237 1463 1294 quia
1495 1249 1588 1283 non
1619 1241 1687 1283 est
1718 1237 1985 1282 subiectum.
2078 1235 2191 1282 Sub-

401 1312 512 1356 iecta
543 1311 660 1356 enim
693 1311 985 1356 accidentium
1019 1309 1344 1355 multitudinem
1377 1309 1612 1368 accipiunt.
1634 1322 1678 1353 33
1768 1308 1877 1354 Nec
1907 1319 2156 1354 numerus
2177 1319 2189 1331 ·

352 1396 384 1425 ιε
402 1395 438 1428 s.
461 1387 527 1428 est
559 1384 602 1427 in
634 1383 736 1428 deo.
758 1396 802 1425 ss

191 1476 327 1510 air-m
545 1466 608 1510 III.
643 1466 814 1511 Deus·
839 1466 970 1510 filius.
985 1478 1029 1509 ss
1071 1465 1110 1510 Α
1132 1466 1231 1511 deo
1255 1477 1265 1488 ·
1290 1469 1424 1523 patre.
1446 1477 1490 1508 33
1546 1464 1708 1510 Nullo
1731 1476 1742 1487 ·
1765 1463 1886 1509 nulla
1907 1475 1967 1509 re.
1987 1474 2032 1507 33
2082 1461 2193 1509 Dif-

402 1537 498 1581 fert
528 1548 537 1558 ·
570 1536 837 1581 Coniunctio
870 1537 951 1581 ista
983 1537 1079 1582 sine
1112 1536 1359 1581 differentia
1391 1541 1470 1590 est,
1505 1537 1609 1594 quia
1650 1547 1798 1593 neque
1839 1546 2004 1593 genere
2043 1545 2213 1592 neque-

401 1608 550 1665 specie
591 1620 737 1665 neque
770 1620 956 1653 numero
998 1612 1120 1666 pater
1152 1620 1177 1653 a
1209 1608 1304 1653 filio
1337 1611 1380 1653 et
1410 1608 1565 1666 spiritu
1596 1612 1753 1653 sancto
1794 1606 1952 1652 differt.
2013 1605 2193 1652 Scilicet

401 1679 520 1724 nulla
541 1679 786 1724 substantia
810 1692 897 1737 qua
920 1680 1076 1725 dicitur
1107 1680 1233 1733 deus,
1266 1679 1346 1724 sed
1369 1680 1414 1724 in
1446 1679 1652 1737 personis
1674 1683 1741 1724 est
1761 1677 2021 1724 differentia.
2072 1675 2191 1723 Nam

347 1765 383 1793 20
402 1750 534 1808 patris
575 1763 766 1808 persona
798 1751 943 1796 differt
973 1764 998 1796 a
1030 1751 1123 1806 filii,
1165 1751 1243 1796 filii
1276 1764 1302 1796 a
1339 1751 1487 1809 patris.
1548 1750 1668 1808 Ergo
1700 1750 1761 1796 ibi
1793 1754 1860 1795 est
1899 1760 2109 1795 numerus
2149 1752 2194 1794 et

402 1822 637 1880 pluralitas.
659 1835 703 1865 33
778 1821 1161 1868 Accidentibus
1184 1834 1194 1846 ·
1217 1825 1265 1867 ut
1295 1822 1452 1867 dicitur
1482 1822 1624 1876 albus,
1657 1821 1795 1879 niger.
1817 1833 1861 1864 33
1940 1819 2193 1867 Substan-

401 1894 618 1939 tialibus
650 1893 974 1939 differentiis
996 1906 1007 1917 ·
1031 1894 1195 1952 quibus
1226 1894 1383 1939 dicitur
1412 1894 1541 1951 bipes
1573 1893 1841 1951 quadrupes,
1874 1904 1990 1938 unus
2021 1892 2193 1950 crispus

401 1965 507 2009 alter
537 1965 672 2022 plano
695 1965 872 2023 capillo,
905 1978 1021 2011 unus
1053 1970 1179 2011 acuta
1211 1965 1323 2010 facie
1355 1965 1462 2010 alter
1492 1965 1694 2010 rotunda.
1716 1977 1759 2007 ss
1832 1963 1885 2009 In
1917 1963 2190 2009 subiecto·

402 2036 446 2080 id
478 2042 544 2081 est
574 2036 618 2081 in
650 2037 909 2083 substantia.
931 2050 975 2080 33
1016 2037 1179 2094 Igitur
1201 2049 1211 2060 ·
1234 2037 1322 2082 hoc
1353 2041 1420 2082 est
1452 2048 1750 2094 consequens.
1772 2049 1816 2079 33
1867 2035 1920 2080 In
1952 2046 2015 2081 eo
2046 2035 2191 2093 quod

347 2122 383 2151 33
402 2107 548 2165 ipsae
579 2113 699 2153 sunt
721 2120 731 2131 ·
755 2108 799 2153 id
823 2113 890 2153 est
921 2109 966 2153 in
999 2109 1086 2154 hoc
1109 2109 1232 2166 quod
1257 2109 1381 2166 ipsae
1403 2108 1591 2153 unitates
1613 2119 1706 2152 non
1732 2112 1835 2152 sunt
1866 2106 1951 2152 nisi
1972 2118 2126 2152 unum.
2148 2118 2193 2149 33

402 2178 767 2225 Numerabiles
790 2191 800 2202 ·
822 2180 951 2225 Verbi
980 2180 1120 2237 gratia
1142 2191 1352 2225 numerus
1380 2191 1449 2225 res
1471 2184 1538 2224 est
1568 2179 1869 2233 numerabilis,
1901 2178 1983 2224 sed
2014 2178 2052 2223 si
2075 2189 2192 2223 unus

400 2253 567 2294 tantum
602 2251 674 2295 hic
694 2251 749 2295 sit
770 2254 813 2296 et
843 2251 900 2296 de
921 2263 978 2296 eo
1009 2252 1136 2296 tertio
1168 2255 1387 2309 repetatur
1417 2263 1533 2296 unus
1565 2263 1681 2295 unus
1703 2263 1832 2305 unus,
1865 2261 2077 2295 numerus
2097 2260 2191 2295 non

402 2320 506 2365 ideo
537 2320 684 2378 plures
716 2322 806 2367 erit.
828 2334 871 2365 33
941 2322 1054 2368 lllic
1076 2334 1087 2346 ·
1111 2323 1155 2367 id
1188 2327 1255 2367 est
1286 2323 1331 2367 in
1363 2333 1550 2367 numero
1583 2334 1675 2379 quo
1707 2333 2006 2367 numeramus.
2068 2320 2192 2368 Uni·

403 2396 561 2437 tatum
610 2393 855 2450 repetitio
900 2406 1167 2439 numerum
1216 2394 1341 2439 facit
1375 2404 1386 2417 ·
1423 2392 1531 2438 Tres
1563 2393 1682 2438 enim
1724 2393 1913 2438 unitates
1955 2391 2191 2438 ternarium

347 2462 579 2517 anfaciunt,
612 2465 715 2521 quia
747 2465 843 2522 ipse
875 2478 1085 2510 numerus
1116 2477 1170 2510 ex
1202 2465 1443 2510 unitatibus
1475 2465 1688 2510 collectus
1720 2468 1906 2510 constat.
1926 2476 1971 2507 33
2020 2463 2190 2511 Unus·

402 2534 446 2579 id
479 2539 545 2580 est
575 2547 663 2580 una
693 2536 868 2593 species
899 2537 1083 2591 numeri,
1117 2549 1232 2594 quae
1264 2541 1331 2582 est
1361 2536 1665 2594 incorporalis.
1687 2548 1732 2579 33
1821 2535 1998 2580 Alter·
2020 2534 2067 2581 in
2097 2546 2191 2593 quo

402 2605 602 2663 repetitio
632 2606 846 2651 unitatum
880 2620 971 2653 non
1003 2608 1106 2654 facit
1138 2608 1443 2666 pluralitatem.
1464 2620 1508 2651 33
1570 2607 1669 2653 Res
1700 2612 1779 2653 est
1801 2618 1811 2631 ·
1833 2619 1870 2653 s.
1892 2618 2008 2664 quae
2037 2617 2192 2652 nume·

402 2679 529 2721 ratur.
549 2688 592 2719 33
677 2676 729 2722 In
761 2679 914 2723 rebus
946 2685 1096 2725 sunt·
1120 2693 1155 2726 s.
1180 2692 1295 2738 quae
1327 2685 1623 2725 numerantur.
1645 2692 1689 2723 33
1762 2678 1908 2725 Nihil
1935 2690 1946 2701 ·
1968 2690 2005 2724 s.
2027 2677 2113 2723 nisi
2144 2677 2190 2723 id

403 2746 526 2804 quod
559 2753 626 2792 est
655 2761 879 2796 numerus.
900 2763 943 2793 33
1019 2751 1071 2796 In
1104 2752 1327 2797 ceteris·
1352 2752 1456 2810 quia
1488 2751 1686 2797 similiter
1715 2756 1802 2796 tres
1833 2751 1879 2797 in
1910 2750 2043 2796 rebus
2073 2754 2190 2804 sunt,

350 2818 570 2864 astrinitas
616 2819 662 2864 in
709 2832 908 2866 numero,
945 2834 989 2865 33
1116 2823 1256 2868 I-Iaec
1290 2834 1301 2848 ·
1335 2835 1372 2869 s.
1405 2823 1504 2868 talis
1543 2822 1864 2868 vocabulorum
1905 2821 2121 2880 repetitio.
2147 2831 2192 2864 33

406 2888 650 2936 Eiusdem
671 2900 685 2917 ·
706 2903 742 2937 3.
763 2892 1035 2938 substantiae
1067 2899 1109 2938 et
1139 2895 1412 2949 sinonimon,
1445 2895 1489 2940 id
1522 2899 1589 2941 est
1620 2894 1978 2952 plurivocum.·⁸s
2038 2892 2191 2939 Prae·

549 3056 593 3094 13
616 3055 787 3095 Subiecta
812 3078 858 3085 -
888 3059 931 3096 14
956 3061 1139 3107 acciplunt
1165 3069 1237 3097 om.
1259 3059 1293 3097 C
1412 3060 1459 3098 20
1484 3060 1604 3098 dlffert
1631 3058 1673 3102 C.
1700 3060 1808 3097 distat
1835 3058 1940 3096 TMF
2055 3057 2108 3096 Ibi
2134 3061 2191 3096 est

404 3122 494 3163 ergo
519 3114 604 3160 MP,
629 3115 763 3212 Ibzest
789 3117 818 3154 Τ
913 3118 1056 3156 28-29
1080 3119 1216 3156 lemma
1242 3128 1318 3158 om.
1337 3118 1370 3157 C
1465 3119 1512 3157 34
1538 3121 1623 3166 qula
1649 3129 1722 3157 om.
1743 3118 1777 3157 C
1864 3118 1913 3156 36
1937 3118 1975 3156 Id
2000 3121 2056 3155 est
2079 3117 2191 3165 pluri·

403 3182 540 3211 vocum
564 3183 639 3211 om.
